2003 2764
590 131 772 172 SECT.
820 132 926 173 III.
999 133 1341 175 SENSUS.
1632 150 1738 187 ,299

130 225 326 270 ’inor-dialis
361 229 466 268 sonus
489 240 507 267 a
534 227 637 266 fonte
665 227 741 267 soni
768 228 909 273 editus,
959 231 997 268 δε
1024 231 1121 270 -soni
1148 231 1428 271 innumerabiles
1468 243 1487 270 a
1518 227 1736 284 corporibus

139 291 237 330 duris
262 288 358 333 nati,
404 299 483 338 quae
509 289 538 326 is
563 287 669 326 sonus
698 290 864 338 percutit,
892 291 929 327 &
951 291 1069 340 quiin
1099 298 1220 330 meatu
1255 293 1438 331 auditorio
1458 320 1468 334 ,
1505 298 1734 344 tympano&

137 349 344 399 labyrintho
375 348 523 386 demum
562 347 596 384 se
633 347 849 388 addiderunt
876 350 988 399 (s),
1049 363 1112 389 cur
1167 353 1315 401 inquam
1363 350 1515 402 simplex
1563 353 1604 392 sit
1637 356 1727 395 adeo

138 408 330 457 compofiti
361 407 439 445 soni
463 406 639 445 sensatio?

194 466 350 505 Videtur
393 469 431 504 in
466 466 674 505 universum
712 468 828 506 anima
865 467 1110 518 impressiones
1151 481 1228 507 non
1261 469 1509 518 distinguere,
1557 483 1637 522 quae
1661 472 1727 512 sint

132 526 237 565 valde
263 526 417 572 similes3
451 534 491 564 ut
522 528 620 564 enim
650 526 870 576 distinguat,
909 528 1120 566 discriminis
1162 537 1265 567 notas
1295 530 1372 568 satis
1399 530 1583 570 evidentes
1617 532 1724 572 inesse

131 594 307 634 oportet,
340 598 426 635 quas
449 585 518 634 ipsa
544 597 646 635 aeque
678 585 835 625 dilucide
865 586 1014 631 sentiat,
1047 599 1089 626 ac
1122 588 1272 637 quidem
1307 589 1444 636 obiedta
1477 589 1604 634 sentit,
1644 603 1723 640 quae

130 652 277 694 oportet
318 645 510 693 distingui:
544 657 593 682 eae
631 644 693 682 nifi
740 646 817 684 satis
851 647 1037 686 evidentes
1069 647 1228 691 fuerint,
1268 659 1388 697 neque
1420 648 1558 695 objecta
1601 650 1725 689 distin.

127 712 225 755 guet.
274 703 325 742 Ita
357 705 393 741 in
419 706 550 753 pariete
568 704 652 742 albo
677 705 795 743 anima
825 700 1049 763 uniformem
1081 707 1243 745 alborem
1275 706 1399 749 videt,
1454 708 1602 756 quando
1633 712 1724 749 emi.

124 775 194 802 nus
220 763 381 812 inspicit3
413 774 532 812 neque
564 763 761 812 nascitur„
782 764 848 803 nisi
879 765 1030 815 fimplex
1061 766 1133 804 albi
1167 766 1302 804 coloris
1335 765 1494 805 sensatio.
1566 767 1719 819 Propius

120 822 150 860 fi
181 822 358 860 accesserit
386 822 536 866 oculus,
584 823 656 870 jam
687 824 871 863 tubercula
904 826 941 863 δι
971 824 1157 864 valleculas
1181 826 1220 863 in
1246 837 1292 863 eo
1332 826 1465 875 pariete
1501 825 1710 877 distinguet,

122 883 162 920 δι
188 883 305 920 anima
342 888 456 931 partes
486 894 505 919 a
527 883 686 931 partibus
711 882 873 922 diffidere
904 884 1183 935 persuadebitur.
1252 884 1368 923 Nunc
1396 885 1473 923 soni
1507 886 1562 924 isti
1594 888 1721 936 primi.

119 942 241 990 genii,
278 940 315 979 Sc
345 953 390 979 ex
416 940 613 979 reflexione
640 943 733 986 nati,
762 943 931 983 hattenus
957 944 1036 983 sunt
1053 943 1223 1012 figiillimi
1242 971 1254 988 ,
1294 943 1397 994 quod
1422 956 1441 982 a
1461 944 1564 983 fonte
1587 945 1664 985 soni
1675 948 1714 987 in

118 1001 337 1051 corporibus
373 1001 470 1039 duris
492 1009 666 1039 tremores
692 1005 895 1042 excitentur
925 1005 1128 1043 harmonici
1149 1003 1251 1052 (t),
1295 1015 1429 1054 nempe
1452 1015 1553 1054 aeque
1578 1005 1718 1046 celeres

117 1062 345 1103 excitentur,
403 1059 465 1098 etsi
506 1063 715 1110 primigenii
771 1063 920 1112 quidem
961 1063 1039 1101 soni
1081 1062 1301 1106 debiliores,
1373 1063 1550 1112 posterius
1601 1065 1715 1106 additi

114 1117 196 1156 soni
233 1119 398 1158 fortiores
422 1119 511 1158 sunt.
563 1119 660 1159 Hinc
688 1120 792 1159 docta
821 1123 913 1160 auris
938 1123 976 1159 in
1002 1122 1070 1159 illis
1094 1115 1314 1172 compositis>
1339 1121 1433 1160 sonis
1465 1130 1582 1174 partes
1614 1124 1710 1165 diffi.

111 1176 220 1217 miles
256 1180 274 1225 (
287 1179 337 1225 u)
386 1178 594 1228 distinguit,
639 1180 703 1231 qui
746 1177 934 1230 vulgarem
970 1193 1094 1219 aurem
1141 1187 1359 1232 praetereunt
1408 1193 1484 1219 non
1534 1186 1707 1235 percepti.

112 1235 244 1283 Plane,
278 1239 333 1277 uti
363 1240 402 1277 in
428 1237 599 1288 exemplo
633 1252 652 1277 a
672 1238 1014 1278 Pnfficurou
1036 1240 1138 1289 (x)
1183 1236 1392 1291 proposito,
1430 1242 1706 1283 numerofisfimi

109 1297 294 1336 auditores
328 1309 398 1337 una
428 1306 562 1337 canunt
581 1324 592 1341 ,
614 1299 651 1337 &
673 1297 816 1338 homini
831 1327 842 1344 ,
867 1302 1006 1338 eminus
1035 1300 1220 1344 audienti,
1250 1300 1420 1338 videntur
1442 1312 1555 1340 unum
1575 1301 1706 1342 sonum

105 1356 244 1401 edere,
280 1356 306 1395 fi
333 1357 481 1407 quidem
518 1357 671 1408 perfeffl
708 1360 877 1398 omnium
910 1361 1118 1398 canentium
1145 1359 1253 1398 fuerit
1286 1359 1498 1405 harmonia,
1555 1368 1596 1401 ut
1623 1374 1705 1401 eos-

107 1414 195 1455 dem
225 1428 352 1455 omnes
377 1425 486 1455 tonos
523 1417 654 1466 edant3
700 1419 802 1457 facile
831 1427 953 1459 tamen
985 1419 1176 1459 discrimen
1216 1425 1459 1470 percepturo,
1486 1416 1534 1463 'fi
1564 1421 1693 1473 aliquis

105 1474 289 1520 indofflor
314 1475 423 1515 alium
448 1483 580 1516 tonum
603 1478 838 1518 admiscuerit.

165 1534 353 1583 Ejusmodi
387 1548 476 1575 vero
502 1536 751 1577 dissonantiam
769 1540 811 1577 in
837 1539 1118 1580 coalescentibus
1143 1540 1362 1580 tremoribus
1382 1536 1521 1578 nullam
1545 1542 1698 1590 permit-¹

106 1595 150 1633 tit
184 1594 266 1638 lex,
315 1606 385 1645 qua
418 1596 546 1635 fortius
560 1600 578 1645 (
581 1598 644 1645 y)
673 1597 811 1636 resonat
839 1610 924 1638 cum
966 1599 1101 1638 chorda
1126 1599 1296 1642 sonante,
1353 1612 1393 1638 ea
1431 1611 1511 1649 quae
1543 1600 1694 1642 unisona

103 1654 166 1696 est,
196 1653 349 1693 debilius
378 1654 516 1705 semper
541 1664 581 1695 ut
602 1655 652 1694 est
678 1656 722 1694 ab
738 1657 886 1697 unisona
917 1660 1096 1697 remotior
1114 1659 1132 1705 <
1148 1670 1173 1695 z
1190 1658 1217 1704 ).
1266 1658 1362 1706 Quae
1388 1658 1544 1698 unisono
1565 1661 1692 1700 vicinae

100 1711 198 1758 fint,
249 1712 393 1752 difficile
425 1714 561 1753 habent
587 1715 776 1760 discrimen
796 1744 807 1761 ,
855 1718 892 1755 &
921 1717 966 1755 ab
995 1718 1114 1755 anima
1135 1729 1212 1756 non
1249 1717 1353 1755 facile
1392 1719 1668 1767 percipiendum
1678 1731 1691 1768 ξ,

97 1784 182 1823 quae
210 1773 261 1827 ag
283 1775 440 1812 unisono
471 1782 621 1813 remotae
653 1774 760 1819 sunt,
795 1788 851 1814 eas
888 1779 938 1815 ob
968 1776 1192 1815 debilitatem
1217 1777 1335 1816 anima
1365 1789 1443 1815 non
1472 1776 1585 1816 sentit.

158 1831 218 1870 Est
245 1840 367 1871 autem
391 1835 498 1872 etiam
528 1834 594 1873 alia
620 1835 798 1884 quaestio,
843 1848 954 1887 quare
992 1848 1124 1886 nempe
1160 1837 1197 1874 in
1236 1836 1374 1875 duabus
1418 1836 1563 1875 auribus
1608 1849 1688 1879 non

97 1889 186 1929 duas
209 1903 317 1930 voces
335 1921 347 1938 ,
385 1892 444 1931 sed
472 1894 615 1933 unicam
638 1894 825 1933 audiamus
841 1923 852 1940 ,
888 1907 973 1935 cum
1010 1903 1177 1945 praeterea
1208 1892 1291 1934 situs
1314 1896 1405 1942 auris
1431 1895 1576 1934 alterius
1582 1898 1688 1964 oob.

95 1950 216 1989 versus
247 1951 383 1990 sonoro
416 1953 590 2003 corpori,
624 1953 762 1993 aversus
790 1955 907 1999 alter,
950 1954 1084 2006 poffint
1109 1956 1147 1994 in
1182 1956 1316 1994 robore
1360 1954 1439 1994 soni
1492 1954 1684 1996 discrimen

92 2008 217 2049 facere.
265 2009 324 2049 Est
351 2012 448 2050 enirn
483 2011 562 2051 soni
585 2012 766 2053 intenfitas
803 2015 841 2053 in
865 2017 1005 2054 ratione
1038 2016 1184 2054 numeri
1216 2013 1471 2068 particularum
1499 2015 1537 2053 in
1578 2027 1680 2056 aures

1004 2072 1034 2112 P
1062 2085 1090 2125 p
1150 2083 1174 2114 2
1558 2075 1680 2116 incur·

129 2190 193 2229 (ι)
215 2199 245 2229 p.
262 2200 327 2227 ²9⁵¹·
344 2190 413 2228 295.

128 2233 196 2269 (t)
232 2241 260 2270 1³-
283 2241 348 2269 29<—v
371 2242 438 2270 275·

127 2273 204 2311 (u)
232 2282 260 2309 p·
277 2281 343 2309 ²73·

127 2315 205 2354 (x)
232 2323 260 2351 p.
280 2323 347 2350 4¹9·

128 2357 146 2391 (
164 2364 189 2392 5
215 2355 227 2392 )
254 2354 277 2384 N
292 2363 343 2385 οι.
356 2363 375 2385 ι
389 2363 406 2384 ι
421 2362 443 2400 γ
474 2354 564 2396 Ιεςοκε
583 2356 618 2385 de
638 2351 715 2393 phys.
735 2359 763 2391 p,
778 2361 847 2394 482.
871 2357 899 2391 &
914 2367 946 2399 p.
958 2365 1028 2400 275.
1042 2358 1137 2392 nostr..

130 2396 149 2434 (
167 2401 214 2433 ε)
246 2394 361 2438 loqu
385 2393 460 2429 ibid.
493 2398 521 2429 6⁴
537 2406 569 2436 p.
603 2398 672 2436 276.
693 2398 778 2429 nostr.
941 2429 951 2439 ‚

211 2466 240 2489 οἱ
