2003 2764
310 103 423 179 '386'
577 126 580 130 ’
698 133 824 171 Lm.
870 129 1014 171 XVI.
1110 129 1224 171 v.1
1285 130 1309 169 s
1372 128 1426 188 ⁸u
1489 129 1524 169 S.

381 227 422 265 ln
447 228 572 266 avibus
605 226 678 265 alio
707 227 823 266 modo
859 227 904 266 de
941 238 1056 266 nervo
1087 227 1213 276 optico
1239 227 1363 265 oritur.
1428 224 1461 263 Is
1495 224 1614 266 enim,
1646 225 1700 263 uti
1731 224 1902 274 diximus,

324 287 475 336 oblique
521 287 714 325 introrsum
765 288 801 324 in
857 287 1008 325 caudam
1052 286 1273 336 produuus,
1321 265 1376 324 ⁴{le
1413 284 1476 323 suo
1522 283 1713 323 involucro
1765 287 1913 326 choroi.

318 346 423 384 deam
454 348 615 384 tunicam
654 346 836 396 producit.
886 346 1050 384 Medulla
1105 358 1192 383 vero
1226 345 1347 384 transit
1382 356 1445 394 per
1478 345 1605 401 rimam
1648 344 1820 394 longam,
1868 354 1910 386 ut

325 407 363 442 in
412 405 514 443 ardea
552 404 655 444 faci-le
698 418 776 443 eam
813 406 858 443 de
901 414 978 443 tota
1017 406 1251 454 longitudine
1283 405 1372 442 albae
1420 403 1560 440 laminae
1600 405 1802 452 premendo
1849 418 1911 443 ex-

321 465 445 503 sudare
467 468 665 515 coegerim.
713 464 760 502 Ea
777 465 847 516 ipsa
862 476 960 503 nunc
981 465 1158 508 medulla,
1201 464 1349 513 quando
1367 463 1590 512 perlongarn
1617 462 1771 501 fiffuram
1806 466 1912 503 invo-

319 524 412 562 lucri
444 525 518 571 (d)
545 524 706 566 transsit,
758 523 796 561 fit
837 526 874 561 in
908 524 1155 562 membranam
1188 526 1337 561 retinam
1374 522 1638 572 pellucentem,
1684 535 1764 571 quae
1794 525 1913 561 conti-

326 595 404 621 nuo
437 587 543 622 etiam
571 597 608 622 ea
630 583 710 620 sede
740 583 894 632 prodit,
937 595 981 621 ex
1011 596 1081 633 qua
1120 580 1270 633 pecten,
1313 583 1405 619 inter
1457 594 1538 619 eum
1575 581 1752 630 peclinem
1794 582 1913 621 media

318 654 557 693 nervumque.
616 642 703 681 Inde
733 642 892 681 similiter
917 643 1203 687 circumvoluta,
1234 643 1310 693 pari
1325 640 1488 684 circulo,
1535 640 1579 678 ad
1609 641 1790 690 originem
1815 642 1912 680 cilia=

320 703 368 740 ris
400 702 561 753 corporis
594 703 779 741 terminari
813 703 964 740 videtur.

383 761 426 799 ln
457 762 612 812 piscibus
638 762 788 811 pulchra
823 761 953 799 fabrica
985 761 1035 800 est
1071 763 1108 800 &
1136 762 1256 799 facilis.
1324 759 1366 798 In
1394 762 1436 799 iis
1464 761 1655 809 [cyprino
1673 788 1683 803 ,
1731 760 1923 805 mustelas

324 820 438 871 aliis]
484 835 616 860 nervus
655 823 824 869 opticus,
873 822 1038 860 dilatatus
1078 822 1146 860 sub·
1178 821 1383 864 sclerotiea,
1437 819 1628 869 postquam
1677 832 1755 856 eam
1791 820 1916 869 perso-

325 882 443 923 ravit,
484 882 519 919 ἃ,
551 880 788 919 choroideam
821 881 959 924 edidit,
1020 878 1282 929 constringitur
1310 880 1346 917 δε
1387 880 1509 928 aliquo
1547 878 1666 916 adhuc
1699 878 1811 928 spatio
1845 892 1913 918 nu·
1937 907 1945 913 .

322 939 390 977 dus
416 941 582 995 incedit,
609 940 743 978 deinde
774 940 848 978 edit
884 941 918 978 ἃ
951 940 1127 995 [cyphum
1168 938 1390 978 vasculosum
1438 939 1475 976 &
1509 940 1716 986 proximam
1750 942 1913 976 tunicam

321 997 856 1050 Rurscummmiterumque
875 1000 1117 1048 ea'pert‘ozata,
1135 1000 1282 1047 longius
1294 998 1413 1036 adhuc
1439 998 1674 1046 producitur,
1711 998 1746 1034 δι
1763 998 1914 1036 denium

320 1060 474 1096 retinam
494 1065 658 1109 generat.
709 1058 809 1097 Intus
833 1069 897 1109 per
927 1061 1090 1108 integros
1137 1060 1310 1097 humores
1339 1058 1494 1096 circulus
1514 1057 1613 1095 albus
1631 1067 1790 1106 opacuS,
1826 1069 1913 1106 pau>-

322 1116 401 1155 lum
424 1118 604 1168 depreffus
622 1147 632 1162 ,
668 1118 846 1156 foramine
876 1118 1076 1167 perforatus
1097 1117 1281 1157 vasculoso
1304 1116 1475 1166 adparet,
1506 1117 1541 1153 &
1569 1118 1607 1153 in
1627 1116 1728 1154 variis
1757 1114 1910 1167 piscium

319 1176 505 1226 speciebus
525 1179 702 1216 circulum
721 1173 833 1215 nffl'lta
856 1177 959 1216 series
990 1178 1174 1217 fuscorum
1205 1177 1366 1227 pilorum
1395 1176 1609 1216 circumdat.

381 1236 423 1274 In
444 1238 567 1281 crocia,
603 1237 811 1275 &salmone
840 1237 877 1273 &
906 1236 1004 1275 lucio
1034 1237 1160 1276 eadem
1193 1237 1350 1278 fabrica,
1402 1248 1481 1286 quae
1524 1238 1560 1272 in
1589 1235 1713 1273 avibus
1743 1234 1820 1278 est,
1877 1235 1916 1273 &

320 1307 454 1333 nervus
479 1299 624 1344 opticus
659 1296 704 1334 de
739 1295 926 1346 praelonga
956 1299 1045 1336 rima
1066 1299 1220 1336 retinam
1247 1296 1408 1341 emittit,
1452 1294 1524 1345 ipse
1558 1295 1597 1332 in
1636 1305 1761 1334 arcum
1797 1294 1914 1339 utrin-

319 1365 392 1405 que
410 1355 626 1406 -produstus,
1088 1382 1091 1385 s

381 1415 472 1453 Haec
498 1417 543 1454 de
571 1418 717 1466 origine
748 1418 873 1455 retinae
900 1445 910 1460 ‚
942 1428 1044 1455 nunc
1072 1415 1118 1454 de
1143 1415 1214 1454 fine
1244 1415 1425 1453 anteriori.
1493 1413 1536 1451 ln
1573 1413 1698 1452 avibus
1741 1412 1916 1463 quidem;

328 1487 415 1525 quas
433 1476 565 1520 incidi,
605 1477 745 1526 gallinis
765 1475 1057 1514 numerofiffimis
1076 1504 1087 1519 ,
1111 1476 1316 1518 columbis,
1353 1474 1554 1516 anseribus,
1584 1473 1770 1515 anatibus,
1797 1474 1907 1510 etiam

322 1537 539 1583 rapacibus,
572 1544 612 1574 ut
639 1539 675 1573 in
703 1535 842 1578 milvo,
875 1536 1102 1574 manifestum
1133 1535 1207 1578 est,
1250 1536 1372 1572 retinae
1405 1533 1556 1583 quidem
1593 1530 1797 1570 craffiorem
1832 1543 1914 1581 par-

321 1600 395 1631 tem
422 1595 513 1633 ultra
541 1608 616 1633 non
647 1595 870 1644 procedere3
906 1595 941 1631 &
963 1606 1008 1632 ex
1034 1599 1085 1631 20
1117 1593 1256 1633 circulo
1288 1595 1391 1642 (e),
1438 1604 1513 1642 quo
1545 1592 1657 1629 retina
1691 1591 1737 1629 ad
1774 1602 1910 1640 corpus

319 1653 438 1691 ciliare
473 1654 699 1697 adhaerestst,
754 1655 960 1692 tenuiorem
993 1654 1187 1698 laminam,
1238 1664 1283 1691 eo
1335 1663 1491 1701 corpore
1529 1653 1741 1689 interiorem
1794 1649 1910 1689 subci-

320 1724 465 1751 neream
489 1742 498 1757 ‚
553 1727 572 1752 a
624 1716 735 1751 vitrea
785 1713 985 1756 diversam,
1066 1725 1175 1762 quam
1237 1713 1286 1750 est
1337 1712 1472 1761 reliqua
1528 1711 1644 1748 retina
1700 1709 1904 1748 antrorsum

320 1784 471 1821 pergere
504 1801 514 1816 ,
575 1773 781 1811 substratam
840 1775 986 1824 corpori
1027 1772 1163 1816 ciliari,
1245 1772 1282 1808 δε
1335 1782 1406 1809 una
1456 1769 1501 1808 ad
1547 1767 1682 1808 lentem
1742 1768 1912 1818 crystalli-

319 1842 404 1869 nam
435 1834 584 1869 venire:
676 1832 720 1870 Ea
759 1832 893 1871 lamina
941 1833 978 1869 in
1026 1832 1151 1882 pullo,
1192 1830 1279 1869 dum
1341 1841 1416 1867 ovo
1480 1831 1715 1870 continetur,
1768 1840 1787 1865 a
1831 1839 1913 1865 cor-

320 1902 411 1939 pore
441 1893 552 1928 ciliari
579 1891 858 1941 separaripottst
879 1919 888 1932 ‚
927 1901 965 1929 ut
993 1893 1027 1927 in
1056 1894 1166 1928 vitrea
1201 1889 1409 1927 membrana
1437 1890 1576 1936 integra
1613 1885 1758 1937 supevfit
1790 1889 1848 1934 (g
1867 1888 1901 1935 ).

314 1947 432 1987 Etiam
459 1964 475 1988 a
504 1954 617 1988 vitrea
644 1952 764 1988 tunica
796 1951 920 1988 eadem
956 1952 992 1987 in
1015 1951 1148 1996 juniori
1180 1948 1332 1987 animale
1360 1947 1476 1996 potest
1505 1947 1683 1984 removeri
1710 1974 1720 1988 ,
1770 1954 1810 1983 ut
1840 1945 1912 1994 ipsa

317 2019 402 2045 cum
436 2022 591 2057 corpore
613 2011 721 2047 ciliari
757 2018 908 2052 maneat,
939 2008 1254 2058 pellucidiffimum
1280 2019 1365 2045 vero
1395 2004 1632 2054 vestigium,⁰
1655 2005 1812 2055 perfcclo
1842 2007 1908 2042 cir·

319 2067 404 2105 culo
443 2070 778 2120 circumscriptum,
813 2071 850 2106 in
878 2072 988 2107 vitrea
1010 2070 1218 2108 membrana
1243 2065 1412 2116 superfit,
1447 2065 1911 2111 demersum-minusque

1725 2130 1904 2166 exterius,

362 2276 374 2301 (
396 2277 442 2307 di
470 2277 554 2308 Conf.
577 2278 687 2308 Parra*
707 2277 797 2311 Me'm.
815 2280 848 2310 de
872 2270 986 2311 stAcad.
1015 2288 1100 2319 ¹735·
1119 2279 1138 2310 f.
1156 2289 1200 2310 ιο.
1228 2277 1262 2309 D.
1279 2276 1310 2308 L.
1330 2277 1362 2308 E.
1412 2275 1528 2307 Habent
1552 2276 1641 2307 etiam
1666 2273 1695 2304 in
1718 2272 1838 2305 struthio
1863 2281 1910 2304 ca-

317 2320 394 2349 rmelo
420 2317 603 2350 l'Assismx.
885 2331 888 2334 ·

359 2364 423 2394 xe)
461 2370 487 2397 ρ.
513 2364 575 2396 ιός.
593 2364 659 2392 166.

353 2400 418 2439 (g)
448 2410 476 2438 p.
492 2404 556 2439 265.
579 2401 643 2439 169.
