2003 2764
310 98 394 135 270
624 83 1598 149 LIB-XKAUDITUS.

312 181 386 232 Ipsa
417 182 524 220 etiam
556 179 657 220 Echo
693 181 828 222 eodem
868 181 1098 233 intempore
1124 183 1169 221 ab
1201 182 1390 222 obstaculo
1415 182 1459 222 ad
1483 194 1606 222 aurem
1639 181 1768 222 sonum
1798 171 1919 226 referfss

307 253 384 292 quo
424 242 470 280 ab
504 254 589 280 aure
631 242 676 280 ad
733 242 962 282 obstaculum
1014 242 1145 281 detulit
1179 244 1272 291 (a)
1300 246 1309 287 ,‘
1365 245 1471 282 etiam
1502 244 1538 280 in
1565 242 1751 292 trigefimo
1789 243 1916 282 reditu.

316 300 416 341 Hinc
444 302 489 340 ab
517 302 613 340 echo
645 303 752 340 etiam
787 303 990 341 distantiam
1021 304 1194 341 metimur
1212 331 1221 346 ,
1277 310 1318 343 ut
1352 304 1459 343 serius
1485 304 1620 342 rediret
1649 302 1726 354 (a’f
1741 303 1768 349 >.

661 424 695 467 5.
747 420 886 461 XIII.
979 421 1222 472 Oscillatioms
1252 424 1404 472 corporis
1426 421 1563 473 sonori.

364 540 530 590 Quando
556 551 689 592 corpus
719 540 894 580 sonorum
932 542 976 580 ab
1004 553 1085 581 aere
1103 570 1113 586 .
1149 541 1268 580 aliove
1296 541 1390 581 duro
1420 553 1578 593 corpore
1611 538 1816 592 percussum
1849 546 1918 578 tre=

306 604 398 647 mit,
432 614 510 640 non
548 603 654 640 unius
687 603 723 640 &
759 601 903 640 indivffi
930 601 1027 653 quasi
1067 602 1281 652 tempusculi
1315 605 1343 640 is
1371 610 1511 641 tremor
1542 602 1610 645 est,
1667 600 1727 638 sed
1760 601 1917 637 omnino

309 662 374 700 diu
402 663 576 711 repetitur
593 690 603 704 ,
641 669 679 700 ut
707 661 844 700 alterne
868 674 1001 713 corpus
1046 661 1220 700 increscat
1245 691 1255 705 ‚
1312 663 1349 700 &
1381 662 1558 701 decrescat
1582 660 1639 710 (h
1657 662 1683 707 ).
1749 658 1820 698 Eos
1847 666 1920 698 tre-

307 733 453 764 mores,
496 722 557 759 diu
585 721 773 765 durabiles,
798 723 834 759 in
866 734 1040 771 campana
1062 721 1208 760 sonante
1230 722 1332 760 facile
1358 723 1470 760 oculo
1492 723 1629 772 percipi
1645 720 1832 765 diximus;
1863 719 1921 758 so-

305 792 471 831 numque
501 782 631 831 pariter
655 794 672 818 a
708 793 880 830 campana
910 783 1050 820 editum
1089 782 1184 820 lente
1217 794 1280 832 per
1312 782 1468 821 alternos
1505 780 1624 832 pulsus
1666 781 1705 818 in
1738 779 1919 817 silentium

307 840 528 889 degenerare
568 842 711 879 adtenta
751 844 845 880 auris
887 844 1049 893 percipit.
1132 840 1266 880 Eadem
1320 841 1541 881 chordarum
1587 839 1833 881 musicarum,
1881 838 1949 886 &u

309 904 481 939 omnium
511 903 548 938 in
585 901 792 940 universum
831 914 1031 952 corporum
1071 901 1279 940 sonantium
1321 903 1359 939 in
1385 901 1578 939 tremendo
1623 900 1674 937 est
1703 898 1916 938 constantia.

304 960 423 999 Facile
448 959 692 1010 intelligitur,
717 963 827 1000 etiam
859 963 927 1000 hos
957 961 1121 1011 ejusdem
1147 962 1312 1011 corporis
1345 960 1452 998 sonos
1493 972 1539 998 ex
1574 959 1696 998 multis
1726 961 1759 996 ie
1793 956 1921 996 conse-

313 1020 508 1071 quentibus
521 1020 621 1058 sonis
634 1022 860 1061 coalescere:
892 1030 932 1061 ut
955 1023 1117 1060 tenerior
1134 1022 1227 1060 auris
1241 1022 1278 1058 in
1296 1032 1372 1059 uno
1403 1020 1494 1059 sono
1511 1020 1657 1071 plure5‚
1689 1019 1799 1056 etiam
1814 1018 1920 1068 quin-

310 1092 406 1131 que,
443 1080 640 1130 distinguat
667 1080 759 1131 (c).

368 1140 438 1179 Sed
466 1140 607 1179 dudum
637 1140 813 1180 subtiliter
832 1141 881 1180 est
902 1143 1093 1183 inventum
1110 1171 1119 1185 ,
1162 1140 1231 1181 hos
1248 1147 1425 1180 tremores
1451 1141 1608 1179 alternos
1627 1139 1665 1176 in
1693 1138 1771 1177 aliis
1788 1139 1924 1183 *exemi

311 1200 379 1251 plis
408 1200 598 1239 celerrime
637 1200 700 1239 fibi
753 1202 965 1245 succedere,
1015 1204 1053 1240 in
1086 1199 1163 1239 aliis
1199 1202 1296 1240 lente
1326 1202 1359 1239 se
1390 1201 1550 1252 insequi,
1601 1206 1642 1238 ut
1676 1200 1768 1237 intra
1793 1199 1920 1236 datum

311 1267 468 1312 tempus,
506 1259 661 1298 sonantis
689 1262 918 1302 instrumenti
935 1261 1017 1300 alias
1039 1261 1222 1300 numerosi
1253 1261 1375 1312 pulsus
1396 1261 1488 1306 sint,
1525 1260 1608 1299 alias
1637 1261 1836 1310 pauciores.

371 1320 514 1358 Deinde
539 1332 664 1359 aurem
699 1323 861 1361 nostram
913 1323 1015 1361 aliter
1049 1321 1180 1364 adfici,
1236 1322 1386 1372 quando
1420 1323 1585 1360 celeriter
1621 1331 1755 1367 corpus
1785 1318 1920 1357 sollici-'

309 1387 426 1419 tatum
462 1383 609 1424 tremit,
647 1381 773 1426 aliter,
812 1383 960 1434 quando
992 1382 1098 1420 lente.
1164 1381 1214 1421 Ut
1237 1394 1394 1430 gravem
1418 1382 1548 1420 sonum
1587 1386 1724 1418 vocent
1746 1407 1757 1422 .
1804 1378 1868 1428 qui
1898 1388 1919 1414 a

310 1442 432 1491 paucis
465 1441 685 1480 tremoribus
716 1442 812 1480 lente
859 1442 891 1480 se
924 1442 1230 1491 consequentibus
1279 1442 1457 1485 nascitur,
1505 1445 1671 1482 acutum,
1708 1439 1772 1488 qui
1798 1451 1817 1475 a
1844 1445 1917 1476 trc-

309 1501 477 1538 moribus
504 1500 702 1539 numerosis
750 1503 841 1539 intra
876 1501 1003 1540 datum
1038 1510 1182 1552 tempus
1220 1501 1392 1551 ocyffime
1446 1501 1479 1539 se
1525 1499 1799 1547 excipientibus.
1870 1494 1914 1533 Et

309 1560 468 1599 omnino
487 1572 640 1599 acumen
668 1559 859 1610 soni(d)
894 1561 935 1599 fit
961 1563 999 1599 in
1025 1564 1165 1599 ratione
1213 1561 1345 1600 directa
1382 1562 1526 1600 numeri
1559 1559 1841 1603 vibrationum3
1875 1555 1915 1592 ὅτ,

309 1621 385 1658 toni
410 1619 477 1657 sint
501 1620 705 1659 discrimina
731 1623 874 1659 numeri
898 1621 1080 1660 undarum
1110 1620 1190 1670 (el.
1241 1653 1244 1659 .

370 1679 506 1719 Iterum
534 1679 666 1718 limites
688 1690 804 1719 certos
832 1687 958 1719 natura
991 1681 1045 1719 his
1078 1681 1342 1720 vibrationibus
1379 1677 1668 1731 circumscripsit.
1741 1676 1779 1715 Si
1811 1674 1916 1714 valde

311 1740 422 1791 pauci
460 1748 637 1778 tremores
669 1740 828 1784 fuerint,
860 1753 906 1778 ne
933 1741 1082 1791 quidem
1110 1742 1303 1780 exauditur
1331 1741 1461 1785 sonus,
1506 1751 1617 1790 quem
1650 1750 1699 1775 eae
1725 1736 1918 1774 oscillatio-

314 1812 377 1837 nes
419 1807 602 1848 generant.
671 1799 760 1839 Non
798 1802 962 1839 exaudiri
1001 1800 1129 1839 sonum
1163 1799 1236 1848 (f)
1275 1809 1400 1839 natum
1423 1813 1441 1837 a
1476 1800 1605 1837 decem
1650 1795 1914 1834 vibrationibus

312 1859 542 1899 observatum
577 1860 647 1901 est,
691 1872 808 1911 neque
837 1862 875 1898 in
911 1861 1123 1901 universum
1153 1863 1317 1911 percipi,
1348 1861 1451 1909 cuius
1479 1858 1752 1898 oscillationum
1785 1865 1938 1895 numm,

313 1930 395 1957 rum
425 1920 552 1959 oculus
593 1918 708 1971 posset
732 1923 834 1958 inire.
1915 1971 1918 1975 ⁴

1672 1975 1717 2015 M
1741 1987 1760 2013 ε
1774 1986 1797 2012 R
1807 1985 1824 2012 s
1838 1983 1857 2010 E
1871 1982 1917 2020 ²⁶¹⁴.

353 2118 426 2154 (a)
457 2118 608 2150 Durium
637 2121 706 2150 Phil.
723 2119 815 2161 trans
840 2120 858 2152 l.
874 2131 899 2152 c
946 2121 1110 2154 ΒΑΜ-σω
1138 2129 1229 2161 1259.

353 2159 413 2195 (ιι
430 2162 443 2197 )
479 2160 610 2191 Εεῐεη
641 2170 666 2198 ρ.
686 2172 732 2198 ςι.

356 2201 428 2238 (b)
457 2212 481 2236 β
502 2211 569 2238 250

355 2244 422 2278 (c)
445 2242 587 2272 Bonos
614 2241 727 2280 Hzstoir.
756 2251 844 2274 natur
885 2244 989 2276 T.111.
1027 2255 1045 2283 p
1071 2245 1138 2282 336

355 2284 427 2320 (d)
452 2283 725 2314 S'CRAVEZANDE
758 2296 776 2315 n
809 2291 885 2323 ηις
936 2287 1279 2317 Musscnwnoncx
1304 2290 1440 2323 n.1418.
1476 2285 1531 2316 &m

356 2325 392 2360 (e
447 2325 587 2355 Bonos
615 2325 668 2356 lc.
703 2336 730 2363 p
754 2336 818 2362 3³7-
857 2329 1026 2359 Sauvwa
1057 2341 1086 2368 p.
1104 2334 1172 2367 138.
1192 2328 1246 2359 &c-

356 2365 756 2408 (J)szcnrssni,1ujcrg
779 2378 807 2408 p
823 2378 894 2407 4²9·

1082 2452 1113 2468 ’κο
