2003 2764
273 122 356 163 590
480 106 1698 156 LIB.XVII.SENSUSINTERNI.

272 216 434 258 quorum
466 205 527 243 alii
549 211 694 244 motum
723 205 905 256 sanguinis
930 205 1154 250 debilitant;
1192 206 1252 246 alii
1287 208 1492 249 intendunt.
1558 209 1615 249 Ad
1645 210 1728 250 illos
1762 213 1864 254 moe-3

269 278 360 310 ror,
398 268 435 303 &
465 265 538 303 fere
570 274 713 304 metus:
750 266 795 304 ad
824 267 911 304 istos
938 267 1010 310 ira,
1043 265 1245 314 gaudium,
1281 278 1405 312 amor,
1443 271 1480 307 &
1514 276 1631 308 terror
1661 275 1861 320 pertinent,

331 326 480 376 Aliquid
508 332 628 362 autem
655 326 694 362 in
721 327 882 363 minimis
917 325 1002 363 vasis
1031 324 1120 369 esse,
1163 326 1265 375 quod
1286 326 1501 376 laqueorum
1524 342 1749 370 nerveorum
1768 332 1862 370 fimi-

271 386 465 424 ]itudinem
504 394 600 422 certe
630 386 667 422 in
700 385 828 423 effeem
855 385 1008 428 habeat,
1049 385 1195 435 adparet
1223 397 1268 423 ex
1302 386 1485 437 suppresso
1519 389 1699 439 sanguinis
1736 391 1860 432 venosi

270 454 378 483 motu
405 448 443 482 in
474 456 593 495 pene,
623 444 783 493 analogo
816 444 959 482 effectui
991 445 1251 488 vinculorum,
1292 447 1329 483 δε
1370 459 1415 486 ex
1444 449 1642 488 tuberculis
1673 453 1856 495 cutaueis8

271 516 350 554 quae
380 503 530 553 perinde
559 516 578 542 a
617 510 756 541 terrore
776 532 785 547 ,
824 511 866 542 ut
900 516 945 542 ex
974 503 1112 553 frigore
1146 505 1349 544 nascuntur.

331 563 373 601 ln
408 562 613 601 ventriculo
646 564 683 600 ὃς
723 563 928 606 intestinis,
975 565 1089 613 inque
1131 565 1244 602 corde
1276 567 1350 602 vim
1392 567 1608 611 nervosam,
1655 580 1735 619 quae
1780 580 1860 608 mu-

271 622 389 661 sculos
411 624 517 671 regit,
548 623 689 660 incitari
730 622 847 673 polse,
899 630 959 661 aut
981 624 1108 667 minui,
1138 624 1385 675 intelligimus.
1452 627 1543 667 Non
1567 628 1652 668 ideo
1684 640 1704 667 a
1727 629 1861 670 ventri2

273 681 388 730 culo(
407 683 459 731 a)
487 681 644 728 adfectus
674 683 785 720 animi
816 682 1011 733 prodeunt,

749 805 783 847 5,
819 800 945 840 VIII.
1013 801 1156 849 Lingzga
1187 802 1392 852 adfeciltum

331 919 510 963 DEUS,
555 919 731 958 societatis
769 922 890 958 omnis
928 921 1079 965 auster,
1126 922 1270 965 voluit,
1313 928 1352 961 ut
1379 921 1536 962 adfectus
1573 924 1684 961 animi
1720 925 1758 961 in
1788 924 1859 974 ipsa

273 991 390 1023 voce,
422 981 460 1016 in
490 979 593 1028 gestu
612 1008 621 1022 ‚
665 981 702 1017 in
732 980 834 1019 vultu
864 981 1088 1029 potiffimum
1125 981 1158 1019 se
1194 981 1388 1024 efferrent,
1437 982 1604 1032 adeoque
1634 982 1750 1020 homo
1791 983 1859 1021 ho-

267 1041 362 1077 mini
403 1038 526 1088 lingua
560 1038 762 1083 infallibili,
818 1040 855 1078 &
896 1041 941 1078 ab
974 1041 1147 1078 omnibus
1182 1041 1358 1079 intellecta
1376 1042 1400 1085 ,'
1435 1053 1598 1080 amorem
1635 1041 1767 1085 suum,
1819 1043 1858 1080 &z

215 1105 238 1127 0
270 1100 382 1141 iram,
427 1099 463 1136 ὃς
496 1098 655 1149 reliquos
684 1097 796 1137 animi
829 1098 986 1139 adfectus
1027 1099 1209 1149 proderet.
1285 1100 1355 1137 Sed
1384 1113 1505 1151 neque
1542 1102 1657 1139 brutis
1692 1101 1856 1140 animali-

270 1158 337 1197 bus
366 1158 547 1205 ejusmodi
580 1158 704 1207 lingua
734 1166 864 1207 negata
887 1159 961 1202 est,
1017 1170 1088 1208 qua
1120 1171 1285 1197 amorem
1313 1172 1536 1204 venereum,
1566 1161 1766 1200 amicitiam
1801 1160 1855 1198 so-

270 1217 424 1259 cialem,
459 1219 631 1268 pietatem
660 1224 881 1261 maternam,
918 1219 1010 1263 iras,
1044 1218 1250 1267 gaudium,
1285 1219 1480 1263 dolorem,
1522 1228 1683 1263 metum,
1729 1221 1856 1269 praeci-

269 1288 363 1326 puos
396 1277 552 1315 omnino
578 1277 735 1316 adfectus
776 1280 1033 1328 exprimerent.
1097 1277 1186 1315 Haec
1211 1279 1334 1327 lingua
1357 1274 1412 1326 (h
1441 1278 1457 1329 )
1491 1280 1663 1318 omnibus
1697 1279 1853 1329 quadiu⁸

268 1336 422 1387 pedibus
444 1364 454 1378 ,
490 1337 527 1374 &
561 1337 687 1375 avibus
715 1335 924 1376 communis
956 1338 1006 1376 est
1024 1365 1034 1380 ,
1073 1345 1114 1376 ut
1152 1339 1308 1377 omnino
1335 1339 1371 1375 &
1392 1338 1605 1379 seinvicem
1637 1338 1851 1388 intelligant,

269 1395 553 1438 &<hominem,
588 1397 624 1433 δε
654 1397 698 1433 ab
724 1396 876 1435 homine
905 1397 1163 1444 intelligantur.
1229 1396 1300 1434 Iras
1328 1397 1628 1435 enim-hominis
1667 1399 1763 1435 canis
1790 1398 1856 1435 ad-

268 1455 386 1503 prime
421 1466 466 1491 ex
489 1455 578 1492 facie
600 1456 716 1504 legit,
748 1467 866 1504 exque
894 1466 986 1493 voce
1017 1455 1182 1503 colligit:
1232 1456 1300 1493 iras
1325 1457 1416 1494 tauri
1455 1454 1572 1494 homo
1617 1467 1664 1494 ex
1705 1458 1851 1506 mugitu

268 1512 478 1562 adgnoscit,
518 1514 633 1551 leonis
659 1515 821 1562 rugitum
846 1516 969 1552 onmia
1006 1514 1239 1564 quadrupeda
1264 1514 1427 1556 horrent,

329 1572 390 1610 De
422 1572 515 1610 sonis
547 1572 697 1622 quidem
727 1574 843 1610 brevis
881 1584 970 1616 eto,
1018 1584 1111 1622 quos
1147 1583 1267 1612 tamen
1304 1581 1443 1612 certum
1469 1574 1518 1612 est
1550 1575 1588 1612 in
1622 1576 1726 1613 omni
1755 1574 1854 1614 adfoe

266 1632 326 1671 &u
363 1630 555 1680 singulares
600 1632 667 1669 edi.
746 1632 815 1670 Sed
849 1633 887 1670 in
929 1632 1034 1671 vultu
1059 1632 1282 1681 potissirnum
1307 1634 1520 1678 characteres
1563 1633 1766 1673 adfectuum
1801 1634 1852 1672 se·-

268 1691 380 1734 dent,
416 1691 510 1729 adeo
539 1691 658 1729 faciles
690 1690 804 1734 lectu,
848 1698 886 1730 ut
912 1692 1067 1740 pistores
1089 1704 1218 1730 omnes
1244 1694 1354 1731 animi
1381 1701 1504 1731 motus
1533 1693 1611 1731 solo
1643 1693 1767 1736 vultu,
1811 1694 1850 1732 δε

267 1763 287 1789 a
319 1751 427 1788 latere
456 1750 635 1800 speetato,
663 1750 825 1800 adprime
864 1753 1077 1802 exprimant.
1142 1751 1294 1801 Elegans
1326 1752 1376 1791 est
1398 1751 1623 1803 speculatio,
1658 1755 1760 1802 cujus
1775 1753 1849 1803 pri-

267 1822 343 1847 mas
372 1809 482 1848 lineas
512 1808 763 1850 describemus.

327 1870 466 1912 Amor,
521 1869 730 1913 admiratio,
781 1869 1052 1919 adgnoscuntur
1095 1870 1215 1909 fronte
1257 1871 1393 1910 sursum
1443 1870 1565 1917 duaa,
1609 1871 1846 1920 exporredag

271 1928 386 1966 oculis
428 1929 571 1967 elevatis
592 1958 602 1973 ‚
650 1940 792 1979 unaque
827 1930 1014 1980 palpebris.
1096 1929 1309 1980 Occipitalis
1349 1931 1387 1968 ὃε
1415 1930 1530 1969 festus
1555 1930 1716 1979 superior
1744 1929 1843 1969 oculi

267 1987 352 2036 agit,
389 1988 423 2025 δε
445 1989 623 2038 palpebrae
653 1989 790 2026 levator
813 1987 902 2041 (c).
965 1989 1181 2034 eminatas,
1213 1991 1402 2028 admiratio
1434 1990 1585 2028 dicentis
1602 1991 1768 2033 oratoris,
1796 2000 1839 2027 os

266 2058 339 2094 una
362 2049 496 2097 aperit,
534 2056 573 2088 ut
603 2059 661 2086 aer
687 2047 840 2088 sonorus
866 2049 912 2088 ad
946 2050 1071 2088 tubam
1094 2048 1209 2101 poffet
1234 2051 1355 2089 venire
1384 2051 1449 2098 (1:⁹⁶
1464 2051 1494 2099 ).

1703 2107 1840 2148 Laetitia

305 2246 322 2275 ’ἕ
340 2246 383 2283 a)
420 2247 645 2278 Woonwmn
669 2248 740 2288 cases
767 2259 980 2288 12·3¹-33·34
1005 2259 1050 2288 35.
1078 2258 1145 2287 24².
1162 2251 1229 2280 288,

305 2290 375 2323 (ἐν)
408 2288 491 2318 Cous.
517 2289 702 2320 CORDssmoi
732 2292 765 2320 de
778 2293 872 2328 laquel.
904 2302 932 2330 p.
952 2296 988 2321 16
1043 2291 1203 2322 Niconx
1227 2293 1280 2324 &⁸2-

305 2329 377 2364 (ε)
407 2327 481 2358 And,
513 2329 666 2362 PARsons
690 2342 726 2362 on
737 2332 923 2371 phjfiogncm.
946 2343 973 2373 p.
988 2341 1034 2375 53.

302 2369 389 2408 (22³³)
432 2369 518 2402 lom
545 2381 572 2410 p.
589 2382 668 2437 54..
