2003 2764
325 152 407 188 304
629 138 1590 180 LIRXVZAUDITUS.

307 237 427 274 nicam
457 247 706 287 exponamus,
753 248 862 285 quam
893 235 1043 286 quidem
1066 242 1232 276 tenemur
1265 238 1444 276 rationem
1477 234 1650 278 reddere,
1712 231 1778 275 cur
1809 239 1900 276 certi

305 295 448 333 colores
483 297 665 345 placeant,
703 307 766 333 cur
792 303 909 334 certus
939 295 1146 333 acrimoniae
1168 295 1300 344 gradus
1335 296 1451 344 sapida
1482 307 1637 344 corpora
1664 292 1792 338 faciat,
1837 307 1902 334 cur

304 355 518 402 papillarum
546 365 780 393 cutanearum
795 356 831 392 in
854 354 1000 394 definita
1031 357 1275 404 proportione
1308 355 1489 394 frictarurn
1519 354 1683 393 fremitus
1729 355 1899 405 volupta-

316 419 389 450 tem
415 412 551 452 effic-iat.

735 527 767 569 §-
799 523 840 562 X
853 522 867 560 Ι
880 522 924 561 V.
1004 522 1120 572 Cattsae
1154 522 1283 571 effeHus
1314 521 1462 570 musices.

362 630 514 670 Certum
546 632 595 670 est
623 633 659 669 in
693 635 795 670 omni
822 631 999 674 homine,
1022 632 1128 670 etiam
1148 644 1256 682 quam
1277 633 1435 670 maxime
1449 628 1598 670 mufices
1624 631 1773 679 ignaro,
1808 630 1898 670 alios

300 689 407 729 sonos
430 692 466 728 δε
486 691 658 729 sonorum
675 690 905 732 succeffiones
921 691 1009 729 alios
1021 692 1061 728 in
1079 692 1197 729 anima
1217 691 1374 728 adfectus
1389 702 1584 740 generare5
1610 701 1728 740 neque
1744 689 1897 728 dubium

300 750 373 793 est,
406 750 622 788 celeritatem
640 752 744 798 (g),
790 750 972 800 sonosque
1005 751 1181 789 acutiores
1222 751 1405 793 laetitiam,
1449 749 1556 787 sonos
1590 761 1676 787 vero
1712 761 1837 797 graves
1859 749 1897 787 sc

299 807 442 848 lentum
472 810 585 847 melos
619 811 795 849 tristitiam
828 808 987 852 efficere,
1030 817 1069 848 ut
1098 811 1135 847 in
1159 810 1213 847 his
1239 809 1415 858 exemplis
1443 821 1680 855 maneamus;
1712 809 1801 845 alios
1823 808 1896 846 sor-

302 873 355 905 tes
381 869 417 905 &
441 880 513 906 una
547 869 690 907 veloces
716 869 824 907 sonos
841 870 1023 913 animum,
1068 870 1174 907 etiam
1196 868 1407 908 animalibus
1424 896 1434 911 ,
1472 867 1615 906 addere.
1668 866 1736 918 lpfi
1755 867 1895 905 barbari

308 926 410 964 fluvii
438 927 598 965 Orenoko
643 928 777 966 accolae
796 927 1006 977 gravissimis
1039 927 1154 971 sonis,
1185 939 1278 978 quos
1295 926 1480 965 ventribus
1499 928 1661 977 repetitis
1671 926 1714 965 ad
1728 927 1895 964 eamdem

301 986 426 1024 tubam
457 987 628 1035 adaptatis
655 981 889 1036 producunt„
924 988 1015 1026 adeo
1036 988 1133 1025 triste
1153 985 1288 1025 faciunt
1308 981 1444 1029 melrss,
1489 992 1530 1024 ut
1554 997 1666 1023 nemo
1700 987 1893 1031 moestitiae

301 1044 410 1094 poffit
433 1042 611 1089 resistere',
654 1059 732 1096 quae
755 1058 799 1083 ex
811 1047 1108 1085 eoinstrumento
1134 1046 1287 1083 nascitur
1304 1043 1394 1095 (h).
1448 1043 1516 1094 Ipsi
1535 1043 1659 1083 musici
1681 1044 1816 1082 docent
1835 1044 1896 1083 lae-

273 1132 275 1135 s
300 1111 380 1147 tos,
409 1112 574 1148 teneros,
611 1105 739 1154 plenos
769 1105 974 1153 majestate,
998 1104 1161 1155 aliosque
1192 1104 1421 1150 modos(z·)
1454 1111 1549 1142 certa
1583 1105 1685 1142 vocis
1713 1111 1892 1173 temgera-

299 1164 400 1201 tione
430 1164 653 1213 producere,
694 1163 989 1213 methodumque
1013 1175 1102 1214 ergo
1134 1163 1291 1206 docent,
1326 1175 1396 1213 qua
1429 1162 1645 1202 defideratus
1668 1163 1780 1201 animi
1797 1162 1893 1201 rdfe-

298 1222 372 1260 etus
397 1223 594 1262 obtinetur.
639 1223 771 1273 Neque
794 1223 886 1261 adeo
911 1231 972 1263 aut
995 1224 1174 1261 veteribus
1203 1215 1399 1266 historicis,
1432 1234 1637 1270 graecorum
1654 1223 1690 1261 &
1707 1219 1893 1262 scandina-

298 1292 431 1319 vorum
445 1310 455 1325 ‚
472 1281 581 1321 fidem
609 1294 791 1331 negavero
806 1311 816 1325 ‚
845 1283 908 1332 qui
928 1295 946 1321 a
967 1284 1089 1333 peritis
1118 1281 1261 1320 muficis
1278 1293 1518 1332 quoscunque
1548 1283 1744 1333 imperatos
1775 1283 1891 1321 animi

299 1340 456 1386 adfectus
474 1340 714 1380 inillustribus
727 1342 953 1381 auditoribus
979 1342 1154 1379 excitatos
1173 1328 1344 1386 narrant(
1356 1340 1370 1377 l
1388 1342 1414 1386 ).
1466 1341 1682 1379 Ammius
1699 1340 1760 1380 1V.
1775 1340 1885 1380 saevus

296 1399 446 1438 fratrum
467 1402 745 1444 exterminator,
772 1414 790 1438 a
807 1402 924 1450 perito
940 1400 1094 1439 Psalterii
1114 1401 1285 1449 magistro
1302 1411 1347 1437 eo
1365 1399 1414 1437 est
1427 1399 1610 1444 redactus,
1644 1409 1683 1439 ut
1702 1401 1737 1438 δι
1761 1402 1806 1444 ei,
1840 1401 1879 1438 &

296 1461 420 1496 amicis
449 1461 556 1497 vitam
582 1460 832 1503 condonaret,
856 1460 893 1497 &
916 1459 988 1509 ipse
1004 1459 1152 1498 demum
1173 1459 1272 1510 (m)
1311 1459 1483 1497 lacrumas
1502 1471 1579 1497 non
1596 1460 1814 1498 contineret.

358 1517 456 1555 Mihi
477 1519 624 1568 quidem
656 1530 710 1556 res
744 1530 822 1557 nou
837 1518 930 1557 adeo
946 1516 1100 1556 difficilis
1130 1519 1281 1557 videtur.
1349 1517 1526 1557 Laetitiam
1558 1530 1691 1568 nempe
1719 1518 1890 1557 homines

299 1578 460 1615 excitatis
502 1578 540 1615 δε
566 1577 740 1616 celeribus
771 1578 885 1620 sonis,
926 1578 1102 1615 tristitiam
1127 1578 1232 1617 lentis
1260 1578 1296 1615 ὅτ,
1314 1578 1484 1626 gravibus
1501 1578 1545 1614 ab
1564 1577 1636 1627 ipsa
1654 1583 1779 1616 natura
1793 1577 1891 1617 dorii

296 1638 531 1685 exprimunt:
563 1637 720 1675 omnino
751 1637 804 1674 uti
831 1636 990 1674 frontem
1008 1638 1046 1674 in
1067 1636 1184 1674 laetitia
1204 1637 1405 1687 explicant,
1448 1645 1615 1687 caperent
1640 1637 1751 1675 iidem
1766 1638 1806 1675 in
1825 1638 1885 1676 ira.

296 1695 422 1741 Quare
444 1707 488 1733 ex
512 1695 592 1744 lege
618 1695 867 1733 adsociationis
895 1695 982 1742 (n)
1016 1695 1199 1738 idearum,
1232 1695 1364 1734 celeres
1391 1694 1469 1733 soni
1500 1707 1585 1734 eum
1610 1697 1647 1734 in
1672 1697 1824 1735 cerebro
1850 1697 1890 1734 &

292 1754 332 1791 in
355 1762 476 1792 mente
496 1754 625 1793 statum
654 1762 845 1798 revocant,
878 1754 1088 1803 cujusfigna
1115 1755 1194 1794 sunt
1220 1757 1244 1793 ii
1264 1755 1395 1793 celeres
1406 1754 1484 1792 soni
1503 1783 1513 1798 ,
1535 1755 1575 1795 βε
1600 1767 1726 1803 graves
1742 1757 1879 1805 pariter

292 1825 377 1851 eum
404 1815 515 1851 animi
534 1814 712 1853 adfectum
728 1814 939 1856 restituunt,
981 1815 1083 1863 cujus
1102 1813 1268 1852 dialectus
1285 1815 1324 1851 in
1346 1814 1514 1862 gravibus
1528 1816 1625 1851 tonis
1648 1815 1707 1852 est.
1746 1813 1884 1852 Omni-

292 1884 345 1910 no
370 1874 422 1910 uti
448 1874 555 1911 etiam
593 1874 714 1921 gestus
747 1874 1087 1922 pantomimorum,
1132 1885 1197 1925 per
1232 1872 1346 1910 solam
1377 1872 1540 1910 idearum
1574 1872 1883 1917 adsociationem,

291 1930 413 1975 laetos,
449 1943 623 1971 venereos
656 1932 693 1970 &
727 1932 840 1970 tristes
874 1931 1029 1972 adfestus
1055 1932 1153 1983 apud
1182 1930 1332 1972 Veteres
1355 1931 1568 1971 excitabant.

1712 2025 1884 2078 Denique

383 2180 395 2216 )
428 2180 451 2210 C
465 2189 485 2210 n
498 2191 513 2210 ε
525 2191 547 2211 γ
560 2190 581 2210 Ν
595 2191 609 2211 a
628 2180 718 2220 sztzft.
750 2182 858 2220 infirm.
890 2193 918 2221 p.
937 2190 1006 2219 ¹77.

434 2221 457 2250 G
471 2230 494 2251 u
510 2233 530 2250 M
546 2233 555 2250 1
572 2233 588 2252 ι,
600 2233 616 2251 ι,
629 2233 646 2252 A
673 2223 740 2257 Hifi.
759 2230 855 2253 natur.
878 2224 912 2253 de
926 2222 1065 2262 l'Orenoq.
1101 2223 1136 2254 T.
1150 2222 1176 2254 Ῑ.
1204 2235 1231 2264 p.
1251 2232 1321 2263 320.

358 2271 368 2289 z
420 2261 440 2290 B
455 2272 468 2290 a
483 2272 497 2290 u
512 2272 528 2291 Λ
546 2272 560 2290 κ
573 2273 592 2291 n
608 2269 662 2292 art.
684 2264 715 2292 de
733 2264 834 2294 Cbant.
857 2273 885 2302 p.
901 2263 952 2294 28.
965 2263 1040 2301 seqq.

359 2303 375 2330 k·
428 2302 493 2332 Non
516 2303 628 2333 facilem
648 2303 674 2332 se
698 2304 805 2341 praebet
828 2305 972 2341 Johannes
997 2304 1172 2335 Writers
1199 2306 1269 2337 Phil.
1291 2301 1378 2342 tranfi
1402 2313 1429 2333 n.
1454 2301 1524 2340 ²4³2

358 2343 391 2379 l)
413 2344 452 2372 Le
476 2343 498 2372 C
513 2353 566 2373 AT
592 2354 618 2382 p.
637 2345 704 2379 256.
751 2345 776 2375 R
790 2355 892 2375 ocae
920 2355 947 2382 p.
969 2354 1033 2375 ιω.
1053 2355 1117 2385 ¹03-
1136 2356 1200 2385 104.
1225 2355 1291 2387 105.
1318 2346 1432 2377 Aneros.
1447 2346 1467 2377 l.
1488 2343 1661 2376 elimacem-0

377 2392 388 2410 z
404 2384 416 2420 )
451 2383 482 2413 D.
511 2384 532 2413 C
546 2395 563 2413 A
579 2394 597 2412 N
609 2393 632 2415 τ
645 2395 658 2414 n
673 2396 692 2414 M
709 2395 720 2414 ι
734 2395 751 2414 a
783 2386 813 2416 in
824 2385 939 2417 hisloria
953 2387 1087 2418 Tui-cira.

382 2424 395 2460 )
431 2423 500 2455 Vide
523 2424 583 2455 haec
600 2425 752 2463 L.{le1.
