2003 2764
431 104 731 148 SECTI.
813 104 1466 148 INTELLECTUS.
1576 115 1703 157 Ἰςεῑ

183 204 316 256 Neque
332 203 382 242 ibi
395 202 545 242 substitit
557 202 749 250 industria3
783 203 879 242 Cum
897 205 994 241 enim
1009 203 1144 253 pistura
1157 202 1405 242 difficultatem
1422 202 1579 246 haberet,
1606 204 1708 242 inve-

131 260 269 304 nerunt
278 271 416 313 gentes,
433 264 525 302 inter
537 275 591 301 eas
603 275 683 313 quae
698 262 818 300 sociali
838 264 908 301 vita
919 263 987 302 usae
1003 263 1093 306 sunt,
1107 263 1354 312 antiquiffimae
1370 262 1609 310 hieroglypha,
1624 263 1709 302 cha-

131 325 281 362 rasteres
299 335 430 372 nempe
455 324 636 361 arbitrarie
666 322 787 365 ᾗξῒοε,
835 324 897 372 qui
915 324 1094 370 integram
1116 324 1308 360 notionem
1335 323 1545 372 exprimunt
1572 322 1659 369 (2³⁶⁶
1671 322 1703 371 ).

131 382 274 439 Verum
288 395 371 421 cum
389 384 493 420 etiam
512 383 537 420 ii
565 383 739 420 summam
764 382 938 419 haberent
957 380 1206 420 difficultatem
1221 411 1231 425 ,
1265 383 1302 419 &
1320 383 1517 420 notionum
1534 394 1706 420 numerus

133 455 204 481 una
230 455 314 481 cum
363 443 497 480 artibus
532 444 686 480 nimium
717 441 955 484 incresceret,
999 441 1209 479 admirabile
1231 449 1327 488 cette
1352 443 1543 479 inventum
1572 442 1708 480 exstitit

132 501 376 545 Phoenicum,
422 503 486 551 qui
525 502 738 540 charaCteres
772 500 912 538 mobiles
951 502 1186 545 invenerunt,
1241 513 1376 550 paucos
1405 501 1442 538 &
1472 500 1619 544 faciles,
1659 512 1706 539 ex

130 573 289 610 quorum
332 560 597 609 compositione
636 560 773 598 infinita
819 561 962 597 uomina
1008 559 1149 611 possent
1182 562 1386 609 componi,
1464 572 1585 598 rerum
1626 561 1708 610 qui-

112 620 217 667 ,dem
233 622 384 659 minime
409 619 560 664 ssmiles,
592 619 651 657 sed
677 631 771 669 quos
805 619 885 658 usus
917 626 1038 656 tamen
1080 620 1117 657 ἃ
1153 621 1302 668 repetita
1327 618 1522 658 adsociatio
1548 632 1633 658 cum
1651 632 1707 658 re-

130 680 199 718 bus
236 681 489 728 conjungeret.
561 679 613 718 Ita
650 680 761 717 literis
815 685 846 716 w
873 686 899 716 n
929 679 963 715 &
986 684 1018 714 w
1069 679 1106 716 δι
1136 678 1247 716 solem
1290 679 1406 727 ipsum
1435 678 1703 728 expresserunt,

130 739 168 776 &
188 738 318 778 sonum
342 740 441 777 vocis
451 738 657 788 schemesch.
720 737 762 775 ld
778 737 960 776 summum
973 744 1069 776 certe
1084 737 1274 776 artificium
1292 739 1330 775 in
1343 737 1524 788 Europam
1541 738 1703 781 transiit,

126 809 288 848 cumque
306 800 381 846 ejus
405 798 535 836 incolis
561 797 667 836 haefit.

188 856 255 895 His
279 857 446 907 praesidiis
477 856 629 895 mirifice
653 858 781 895 animae
814 857 907 894 vires
924 856 1127 896 dilatantur.
1191 857 1301 906 Signa
1327 858 1476 908 quidem
1507 859 1628 908 priora
1641 869 1706 908 pet

123 915 292 955 auditum
318 924 459 966 recepta
477 945 488 959 ,
524 916 595 955 sive
625 928 746 956 rerum
770 917 932 959 nomina,
966 917 1085 955 multo
1098 916 1233 956 facilius
1268 920 1305 955 in
1335 919 1513 955 memoria
1548 919 1706 956 retinen-

123 983 204 1019 tur,
246 988 356 1026 quam
388 977 586 1024 imagines,
621 976 837 1026 simpliciora
873 987 958 1014 curn
1002 975 1094 1019 sint,
1151 989 1271 1026 neque
1310 977 1473 1015 laborem
1510 976 1614 1015 illum
1651 977 1706 1026 pi-

124 1035 282 1074 &orium
305 1036 508 1086 requirant,
537 1039 601 1085 qui
625 1037 663 1074 in
693 1034 897 1073 revocanda
928 1037 1036 1073 amici
1065 1037 1224 1085 imagine
1245 1037 1404 1076 summus
1427 1036 1531 1074 foret.
1609 1035 1704 1074 Puer

125 1094 188 1133 ille
214 1095 372 1144 polonus
388 1123 398 1138 ,
428 1096 464 1132 δι
481 1093 598 1144 puella
624 1095 774 1145 gallica,
823 1106 907 1132 cum
927 1093 1115 1143 signorum
1132 1095 1195 1133 usu
1206 1095 1485 1134 destituerentur
1504 1123 1514 1137 ,
1565 1094 1705 1133 nullam

125 1160 326 1204 potuerunt
352 1155 433 1192 vitae
458 1166 541 1192 ante
569 1154 652 1192 adtae
686 1154 869 1191 historiam
895 1165 1035 1192 narrare
1054 1156 1070 1202 <
1087 1153 1117 1201 l†
1137 1156 1165 1202 ).
1241 1154 1288 1193 Et
1321 1157 1368 1194 ita
1395 1154 1554 1193 adsuevit
1585 1156 1704 1193 anima

125 1212 237 1262 sig-nis
263 1215 346 1256 uti,
381 1220 422 1251 ut
453 1225 550 1251 mera
574 1226 638 1263 per
673 1213 771 1262 figna
793 1214 957 1261 cogitet,
984 1214 1021 1251 ἃ
1051 1213 1227 1251 sonorum
1261 1214 1408 1264 vestigia
1437 1213 1510 1252 sola
1534 1214 1705 1259 omnium
1765 1234 1769 1237 1

129 1284 251 1311 rerum
295 1272 622 1323 repraesentationes
661 1274 789 1311 animae
828 1264 1003 1316 offerant,
1055 1273 1250 1312 rarioribus
1297 1274 1473 1324 exemplis
1511 1275 1699 1322 exceptis,

125 1332 275 1381 quando
300 1332 456 1371 adfestus
493 1332 620 1382 aliquis
651 1324 763 1370 aniffii
806 1333 1004 1380 imaginem
1049 1332 1159 1382 ipsam
1197 1342 1356 1371 revocat.
1443 1332 1512 1370 Sed
1558 1330 1705 1381 poffunt

122 1390 428 1441 fignaplurimas
466 1402 586 1430 rerum
611 1392 829 1429 adfefflones
858 1393 1061 1440 exprimere
1083 1419 1093 1434 ,
1147 1404 1233 1442 quas
1265 1393 1389 1441 imago
1424 1391 1521 1430 nulla
1553 1391 1699 1439 potest,

124 1457 166 1488 ut
198 1462 320 1489 rerum
352 1452 589 1493 communia,
641 1452 677 1489 &
711 1446 986 1493 succeffionem,
1042 1450 1175 1487 deinde
1216 1453 1386 1489 notiones
1436 1449 1702 1489 intellectuales.

122 1507 264 1547 Verum
290 1508 388 1562 signa
420 1509 573 1547 secunda
621 1511 729 1548 etiam
767 1522 846 1546 earn
886 1509 1023 1547 habent
1063 1510 1279 1554 utilitatem,
1330 1518 1372 1549 ut
1409 1509 1617 1560 persistant:
1663 1516 1704 1548 ut

122 1567 238 1611 ideae,
267 1580 354 1618 quas
375 1569 607 1617 exprimunt,
648 1573 827 1618 quantum
861 1567 963 1606 lubet
991 1570 1131 1617 repeti,
1164 1571 1387 1618 comparari,
1437 1569 1564 1613 dividi,
1592 1570 1704 1619 inque

123 1628 284 1666 minores
309 1629 481 1666 notiones
514 1626 643 1666 resolvi
677 1626 831 1677 poffint,
866 1633 907 1666 ut
943 1627 1101 1677 denique
1135 1628 1180 1665 ad
1210 1627 1329 1678 plures
1363 1628 1532 1668 homines
1555 1657 1565 1672 ‚
1596 1630 1705 1683 etiam

120 1686 281 1725 absentes
311 1688 348 1726 ὃς
382 1687 463 1738 post
491 1694 620 1732 natos,
654 1686 782 1725 nostrae
802 1685 890 1725 ideae
922 1688 1109 1737 pervenire
1137 1694 1281 1737 queant.

180 1746 379 1795 Signorum
417 1746 638 1796 potiffimum
674 1757 764 1795 ergo
798 1758 870 1796 ope
905 1747 1024 1785 anima
1066 1746 1194 1785 didicit
1228 1746 1435 1795 abstrahere.
1520 1747 1563 1786 Id
1597 1759 1705 1787 voca..

120 1817 226 1850 mus,
264 1818 312 1845 ex
343 1806 466 1845 multis
493 1807 583 1845 ideis
612 1806 799 1844 detrahere
830 1805 868 1843 id
900 1806 1003 1856 quod
1028 1805 1163 1845 habent
1185 1819 1412 1847 commune:
1449 1814 1489 1846 ut
1520 1820 1565 1846 ex
1591 1820 1701 1854 cane,

119 1876 244 1914 equo,
278 1866 314 1903 &
334 1866 432 1904 bove
456 1866 631 1905 abstrahas
651 1894 661 1909 ‚
690 1865 821 1904 animal
841 1866 990 1910 vivum,
1035 1872 1096 1905 aut
1124 1867 1347 1917 quadrupes3
1379 1878 1426 1904 ex
1447 1868 1584 1912 rubro,
1619 1867 1703 1908 albo

118 1924 159 1961 ἃ,
194 1923 346 1963 caeruleo
385 1924 560 1964 colorem.
623 1925 665 1964 Id
692 1931 787 1964 certa
820 1927 1030 1975 operatione
1056 1927 1185 1965 animae
1211 1926 1277 1971 fit,
1328 1938 1412 1965 nam
1437 1926 1499 1965 etfi
1523 1928 1699 1974 rubrum,

118 1983 243 2022 album
272 1984 308 2021 δι
333 1985 526 2024 caeruleum
564 1997 628 2034 per
668 1984 787 2023 radios
816 1985 1136 2035 repraesentantur,
1192 1986 1264 2025 sola
1307 1991 1429 2024 tamen
1457 1985 1624 2026 voluntas
1649 1988 1703 2028 su-

119 2041 225 2093 scipit
248 2043 442 2082 adtendere
475 2045 519 2083 ad
556 2043 828 2084 fimilitudinem
865 2046 977 2084 trium
1004 2045 1172 2084 colorum
1191 2074 1200 2089 ,
1230 2046 1268 2083 &
1298 2045 1343 2083 ad
1367 2046 1577 2090 discrimen,
1600 2047 1637 2084 id
1649 2061 1704 2087 re-

1569 2118 1705 2157 Jicere,

158 2240 252 2281 (1⁴¹⁸)
278 2242 313 2272 ln
331 2242 462 2282 Aegypto
478 2265 486 2280 ‚
512 2242 613 2275 China.
1352 2273 1359 2278 ,

160 2283 251 2322 (l†)
280 2284 439 2315 Gonnoi.
464 2295 491 2324 p.
509 2294 577 2337 342.
610 2284 874 2320 Watnscumn
898 2288 931 2319 de
954 2287 1110 2319 miraculis.
1133 2286 1384 2326 Algem.Magaz.
1416 2284 1451 2315 T.
1467 2285 1528 2316 VII.

210 2374 343 2417 Haller.
378 2377 568 2429 Phyfiolog.
629 2379 738 2419 Tom.
769 2379 816 2420 V.
1181 2381 1209 2419 B
1239 2382 1264 2418 b
1313 2380 1338 2416 b
1370 2379 1393 2416 b
