<?xml version="1.0" encoding="UTF-8"?>
<!DOCTYPE html PUBLIC "-//W3C//DTD XHTML 1.0 Transitional//EN"
    "http://www.w3.org/TR/xhtml1/DTD/xhtml1-transitional.dtd">
<html xmlns="http://www.w3.org/1999/xhtml" xml:lang="en" lang="en">
 <head>
  <title>
</title>
<meta http-equiv="Content-Type" content="text/html;charset=utf-8" />
  <meta name='ocr-system' content='tesseract 3.04.00' />
  <meta name='ocr-capabilities' content='ocr_page ocr_carea ocr_par ocr_line ocrx_word'/>
</head>
<body>
  <div class='ocr_page' id='page_1' title='image "./elementaphysiolo05hall_0558.png"; bbox 0 0 2003 2764; ppageno 0'>
   <div class='ocr_carea' id='block_1_1' title="bbox 317 118 1765 176">
    <p class='ocr_par' dir='ltr' id='par_1_1' title="bbox 317 118 1765 176">
     <span class='ocr_line' id='line_1_1' title="bbox 317 118 1765 176; baseline 0.004 -13"><span class='ocrx_word' id='word_1_1' title='bbox 317 130 404 176; x_wconf 46' lang='lat'>*544</span> <span class='ocrx_word' id='word_1_2' title='bbox 529 124 903 167; x_wconf 60' lang='lat' dir='ltr'><em>LIBXVJJ.</em></span> <span class='ocrx_word' id='word_1_3' title='bbox 967 127 1300 170; x_wconf 61' lang='lat' dir='ltr'>seusus⁴</span> <span class='ocrx_word' id='word_1_4' title='bbox 1352 118 1765 169; x_wconf 69' lang='lat' dir='ltr'>INTERNL</span> 
     </span>
    </p>
   </div>
   <div class='ocr_carea' id='block_1_2' title="bbox 287 218 1901 2117">
    <p class='ocr_par' dir='ltr' id='par_1_2' title="bbox 300 218 1901 330">
     <span class='ocr_line' id='line_1_2' title="bbox 300 218 1901 275; baseline 0.003 -16"><span class='ocrx_word' id='word_1_5' title='bbox 300 222 352 260; x_wconf 62' lang='lat' dir='ltr'>sii</span> <span class='ocrx_word' id='word_1_6' title='bbox 384 218 564 260; x_wconf 78' lang='lat' dir='ltr'>dissimiles</span> <span class='ocrx_word' id='word_1_7' title='bbox 596 230 712 271; x_wconf 81' lang='lat' dir='ltr'>partes</span> <span class='ocrx_word' id='word_1_8' title='bbox 743 223 1025 271; x_wconf 81' lang='lat' dir='ltr'>ingrediuntur,</span> <span class='ocrx_word' id='word_1_9' title='bbox 1056 224 1170 274; x_wconf 84' lang='lat' dir='ltr'>qualis</span> <span class='ocrx_word' id='word_1_10' title='bbox 1199 223 1360 262; x_wconf 84' lang='lat' dir='ltr'>hominis</span> <span class='ocrx_word' id='word_1_11' title='bbox 1394 224 1473 268; x_wconf 89' lang='lat' dir='ltr'>est,</span> <span class='ocrx_word' id='word_1_12' title='bbox 1507 225 1546 262; x_wconf 87' lang='lat' dir='ltr'>in</span> <span class='ocrx_word' id='word_1_13' title='bbox 1582 237 1658 275; x_wconf 84' lang='lat' dir='ltr'>quo</span> <span class='ocrx_word' id='word_1_14' title='bbox 1693 224 1735 263; x_wconf 86' lang='lat' dir='ltr'>fit</span> <span class='ocrx_word' id='word_1_15' title='bbox 1765 224 1901 270; x_wconf 83' lang='lat' dir='ltr'>vultus,</span> 
     </span>
     <span class='ocr_line' id='line_1_3' title="bbox 301 281 977 330; baseline 0.003 -12"><span class='ocrx_word' id='word_1_16' title='bbox 301 281 338 318; x_wconf 86' lang='lat'>&amp;</span> <span class='ocrx_word' id='word_1_17' title='bbox 363 281 483 329; x_wconf 62' lang='lat' dir='ltr'>peetus</span> <span class='ocrx_word' id='word_1_18' title='bbox 500 310 510 325; x_wconf 86' lang='lat'>‚</span> <span class='ocrx_word' id='word_1_19' title='bbox 552 283 587 318; x_wconf 74' lang='lat' dir='ltr'>Sc</span> <span class='ocrx_word' id='word_1_20' title='bbox 613 283 722 330; x_wconf 85' lang='lat' dir='ltr'>pedes</span> <span class='ocrx_word' id='word_1_21' title='bbox 740 310 749 325; x_wconf 89' lang='lat'>‚</span> <span class='ocrx_word' id='word_1_22' title='bbox 781 283 817 320; x_wconf 63' lang='grc' dir='ltr'>ὃς</span> <span class='ocrx_word' id='word_1_23' title='bbox 840 295 977 321; x_wconf 86' lang='lat' dir='ltr'>manus.</span> 
     </span>
    </p>

    <p class='ocr_par' dir='ltr' id='par_1_3' title="bbox 294 340 1896 1045">
     <span class='ocr_line' id='line_1_4' title="bbox 357 340 1895 392; baseline 0.002 -14"><span class='ocrx_word' id='word_1_24' title='bbox 357 340 469 378; x_wconf 86' lang='lat' dir='ltr'>Nunc</span> <span class='ocrx_word' id='word_1_25' title='bbox 511 340 548 377; x_wconf 87' lang='lat' dir='ltr'>id</span> <span class='ocrx_word' id='word_1_26' title='bbox 573 343 710 379; x_wconf 85' lang='lat' dir='ltr'>summa</span> <span class='ocrx_word' id='word_1_27' title='bbox 732 341 971 380; x_wconf 82' lang='lat' dir='ltr'>admiratione</span> <span class='ocrx_word' id='word_1_28' title='bbox 1002 341 1157 390; x_wconf 85' lang='lat' dir='ltr'>dignum</span> <span class='ocrx_word' id='word_1_29' title='bbox 1189 343 1366 380; x_wconf 79' lang='lat' dir='ltr'>memoria</span> <span class='ocrx_word' id='word_1_30' title='bbox 1394 341 1527 386; x_wconf 76' lang='lat' dir='ltr'>habet,</span> <span class='ocrx_word' id='word_1_31' title='bbox 1588 341 1690 392; x_wconf 85' lang='lat' dir='ltr'>quod</span> <span class='ocrx_word' id='word_1_32' title='bbox 1724 343 1895 392; x_wconf 81' lang='lat' dir='ltr'>vestigia,</span> 
     </span>
     <span class='ocr_line' id='line_1_5' title="bbox 300 400 1896 454; baseline 0.002 -17"><span class='ocrx_word' id='word_1_33' title='bbox 300 400 403 438; x_wconf 89' lang='lat' dir='ltr'>nullo</span> <span class='ocrx_word' id='word_1_34' title='bbox 424 401 553 438; x_wconf 79' lang='lat' dir='ltr'>animae</span> <span class='ocrx_word' id='word_1_35' title='bbox 581 400 711 454; x_wconf 15' lang='lat' dir='ltr'>,labore</span> <span class='ocrx_word' id='word_1_36' title='bbox 731 429 742 444; x_wconf 95' lang='lat'>,</span> <span class='ocrx_word' id='word_1_37' title='bbox 792 400 867 440; x_wconf 83' lang='lat' dir='ltr'>suas</span> <span class='ocrx_word' id='word_1_38' title='bbox 893 403 930 439; x_wconf 89' lang='lat' dir='ltr'>in</span> <span class='ocrx_word' id='word_1_39' title='bbox 957 401 1076 440; x_wconf 78' lang='lat' dir='ltr'>classes</span> <span class='ocrx_word' id='word_1_40' title='bbox 1111 403 1371 451; x_wconf 68' lang='lat' dir='ltr'>segregentur,</span> <span class='ocrx_word' id='word_1_41' title='bbox 1409 404 1521 450; x_wconf 85' lang='lat' dir='ltr'>inque</span> <span class='ocrx_word' id='word_1_42' title='bbox 1558 401 1640 440; x_wconf 84' lang='lat' dir='ltr'>suos</span> <span class='ocrx_word' id='word_1_43' title='bbox 1674 402 1769 451; x_wconf 75' lang='lat' dir='ltr'>quali</span> <span class='ocrx_word' id='word_1_44' title='bbox 1795 404 1896 440; x_wconf 86' lang='lat' dir='ltr'>vicos</span> 
     </span>
     <span class='ocr_line' id='line_1_6' title="bbox 297 460 1895 510; baseline 0.001 -13"><span class='ocrx_word' id='word_1_45' title='bbox 297 471 362 509; x_wconf 87' lang='lat' dir='ltr'>per</span> <span class='ocrx_word' id='word_1_46' title='bbox 390 460 578 497; x_wconf 82' lang='lat' dir='ltr'>cerebrum</span> <span class='ocrx_word' id='word_1_47' title='bbox 610 460 869 509; x_wconf 79' lang='lat' dir='ltr'>disponantur,</span> <span class='ocrx_word' id='word_1_48' title='bbox 919 473 998 510; x_wconf 76' lang='lat' dir='ltr'>quae</span> <span class='ocrx_word' id='word_1_49' title='bbox 1038 469 1201 510; x_wconf 74' lang='lat' dir='ltr'>cognatae</span> <span class='ocrx_word' id='word_1_50' title='bbox 1228 461 1317 499; x_wconf 87' lang='lat' dir='ltr'>sunt.</span> <span class='ocrx_word' id='word_1_51' title='bbox 1388 461 1505 499; x_wconf 81' lang='lat' dir='ltr'>Novae</span> <span class='ocrx_word' id='word_1_52' title='bbox 1552 461 1763 499; x_wconf 77' lang='lat' dir='ltr'>sensationes</span> <span class='ocrx_word' id='word_1_53' title='bbox 1790 490 1800 504; x_wconf 93' lang='lat'>,</span> <span class='ocrx_word' id='word_1_54' title='bbox 1840 474 1895 499; x_wconf 84' lang='lat' dir='ltr'>ea-</span> 
     </span>
     <span class='ocr_line' id='line_1_7' title="bbox 297 518 1896 569; baseline 0.001 -12"><span class='ocrx_word' id='word_1_55' title='bbox 297 531 426 557; x_wconf 83' lang='lat' dir='ltr'><strong>rumve</strong></span> <span class='ocrx_word' id='word_1_56' title='bbox 451 518 550 567; x_wconf 86' lang='lat' dir='ltr'>figna</span> <span class='ocrx_word' id='word_1_57' title='bbox 578 522 771 564; x_wconf 84' lang='lat' dir='ltr'>continuo,</span> <span class='ocrx_word' id='word_1_58' title='bbox 801 521 903 566; x_wconf 86' lang='lat' dir='ltr'>nullo</span> <span class='ocrx_word' id='word_1_59' title='bbox 920 521 1044 558; x_wconf 87' lang='lat' dir='ltr'>nostro</span> <span class='ocrx_word' id='word_1_60' title='bbox 1073 530 1219 564; x_wconf 80' lang='lat' dir='ltr'>conatu,</span> <span class='ocrx_word' id='word_1_61' title='bbox 1261 521 1305 559; x_wconf 87' lang='lat' dir='ltr'>ad</span> <span class='ocrx_word' id='word_1_62' title='bbox 1327 533 1382 558; x_wconf 79' lang='lat' dir='ltr'>eas</span> <span class='ocrx_word' id='word_1_63' title='bbox 1409 520 1442 558; x_wconf 84' lang='lat' dir='ltr'>se</span> <span class='ocrx_word' id='word_1_64' title='bbox 1460 521 1679 569; x_wconf 73' lang='lat' dir='ltr'>adgregant,</span> <span class='ocrx_word' id='word_1_65' title='bbox 1719 533 1797 569; x_wconf 82' lang='lat' dir='ltr'>quae</span> <span class='ocrx_word' id='word_1_66' title='bbox 1815 520 1896 559; x_wconf 89' lang='lat' dir='ltr'>sunt</span> 
     </span>
     <span class='ocr_line' id='line_1_8' title="bbox 298 578 1892 628; baseline 0.001 -13"><span class='ocrx_word' id='word_1_67' title='bbox 298 578 460 626; x_wconf 79' lang='lat' dir='ltr'>ejusdem</span> <span class='ocrx_word' id='word_1_68' title='bbox 491 580 643 626; x_wconf 77' lang='lat' dir='ltr'>generis.</span> <span class='ocrx_word' id='word_1_69' title='bbox 694 579 736 616; x_wconf 86' lang='lat' dir='ltr'>ld</span> <span class='ocrx_word' id='word_1_70' title='bbox 759 582 805 618; x_wconf 83' lang='lat' dir='ltr'>ita</span> <span class='ocrx_word' id='word_1_71' title='bbox 831 580 863 616; x_wconf 87' lang='lat' dir='ltr'>se</span> <span class='ocrx_word' id='word_1_72' title='bbox 885 580 1016 618; x_wconf 78' lang='lat' dir='ltr'>habere</span> <span class='ocrx_word' id='word_1_73' title='bbox 1044 590 1184 619; x_wconf 86' lang='lat' dir='ltr'>certum</span> <span class='ocrx_word' id='word_1_74' title='bbox 1215 581 1264 617; x_wconf 84' lang='lat' dir='ltr'>est</span> <span class='ocrx_word' id='word_1_75' title='bbox 1282 608 1292 622; x_wconf 86' lang='lat'>,</span> <span class='ocrx_word' id='word_1_76' title='bbox 1337 580 1438 628; x_wconf 85' lang='lat' dir='ltr'>quod</span> <span class='ocrx_word' id='word_1_77' title='bbox 1465 581 1603 622; x_wconf 81' lang='lat' dir='ltr'>anima,</span> <span class='ocrx_word' id='word_1_78' title='bbox 1648 578 1735 617; x_wconf 87' lang='lat' dir='ltr'>dum</span> <span class='ocrx_word' id='word_1_79' title='bbox 1755 591 1810 617; x_wconf 84' lang='lat' dir='ltr'>eas</span> <span class='ocrx_word' id='word_1_80' title='bbox 1838 592 1892 617; x_wconf 88' lang='lat' dir='ltr'>re-</span> 
     </span>
     <span class='ocr_line' id='line_1_9' title="bbox 296 638 1892 689; baseline 0.002 -15"><span class='ocrx_word' id='word_1_81' title='bbox 296 646 430 681; x_wconf 72' lang='lat' dir='ltr'>vocat,</span> <span class='ocrx_word' id='word_1_82' title='bbox 469 638 684 688; x_wconf 79' lang='lat' dir='ltr'>plerumque</span> <span class='ocrx_word' id='word_1_83' title='bbox 716 639 772 676; x_wconf 88' lang='lat' dir='ltr'>vel</span> <span class='ocrx_word' id='word_1_84' title='bbox 798 639 937 677; x_wconf 50' lang='lat' dir='ltr'>classem</span> <span class='ocrx_word' id='word_1_85' title='bbox 969 640 1079 689; x_wconf 82' lang='lat' dir='ltr'>ipsam</span> <span class='ocrx_word' id='word_1_86' title='bbox 1105 639 1202 689; x_wconf 79' lang='lat' dir='ltr'>quasi</span> <span class='ocrx_word' id='word_1_87' title='bbox 1227 642 1457 687; x_wconf 84' lang='lat' dir='ltr'>interroget,</span> <span class='ocrx_word' id='word_1_88' title='bbox 1510 639 1566 676; x_wconf 87' lang='lat' dir='ltr'>vel</span> <span class='ocrx_word' id='word_1_89' title='bbox 1610 646 1706 676; x_wconf 87' lang='lat' dir='ltr'>certe</span> <span class='ocrx_word' id='word_1_90' title='bbox 1737 650 1799 688; x_wconf 90' lang='lat' dir='ltr'>per</span> <span class='ocrx_word' id='word_1_91' title='bbox 1829 638 1892 677; x_wconf 88' lang='lat' dir='ltr'>ali-</span> 
     </span>
     <span class='ocr_line' id='line_1_10' title="bbox 296 697 1892 749; baseline 0.001 -14"><span class='ocrx_word' id='word_1_92' title='bbox 296 708 405 747; x_wconf 82' lang='lat' dir='ltr'>quam</span> <span class='ocrx_word' id='word_1_93' title='bbox 430 697 546 734; x_wconf 86' lang='lat' dir='ltr'>ideam</span> <span class='ocrx_word' id='word_1_94' title='bbox 580 700 612 735; x_wconf 91' lang='lat' dir='ltr'>ei</span> <span class='ocrx_word' id='word_1_95' title='bbox 634 697 725 736; x_wconf 77' lang='lat' dir='ltr'>classi</span> <span class='ocrx_word' id='word_1_96' title='bbox 757 699 948 748; x_wconf 64' lang='lat' dir='ltr'>analogum</span> <span class='ocrx_word' id='word_1_97' title='bbox 978 699 1075 749; x_wconf 83' lang='lat' dir='ltr'>quafi</span> <span class='ocrx_word' id='word_1_98' title='bbox 1110 699 1173 737; x_wconf 89' lang='lat' dir='ltr'>filo</span> <span class='ocrx_word' id='word_1_99' title='bbox 1197 700 1242 737; x_wconf 79' lang='lat' dir='ltr'>ad</span> <span class='ocrx_word' id='word_1_100' title='bbox 1274 711 1351 736; x_wconf 80' lang='lat' dir='ltr'>eam</span> <span class='ocrx_word' id='word_1_101' title='bbox 1370 727 1380 742; x_wconf 91' lang='lat'>‚</span> <span class='ocrx_word' id='word_1_102' title='bbox 1433 710 1541 748; x_wconf 86' lang='lat' dir='ltr'>quam</span> <span class='ocrx_word' id='word_1_103' title='bbox 1572 700 1725 747; x_wconf 84' lang='lat' dir='ltr'>quaerit,</span> <span class='ocrx_word' id='word_1_104' title='bbox 1783 697 1892 736; x_wconf 84' lang='lat' dir='ltr'>duca-</span> 
     </span>
     <span class='ocr_line' id='line_1_11' title="bbox 299 756 1889 809; baseline 0 -14"><span class='ocrx_word' id='word_1_105' title='bbox 299 766 372 795; x_wconf 87' lang='lat' dir='ltr'>tur.</span> <span class='ocrx_word' id='word_1_106' title='bbox 416 756 467 794; x_wconf 90' lang='lat' dir='ltr'>Ita</span> <span class='ocrx_word' id='word_1_107' title='bbox 488 758 576 794; x_wconf 90' lang='lat' dir='ltr'>dum</span> <span class='ocrx_word' id='word_1_108' title='bbox 590 761 781 807; x_wconf 78' lang='lat' dir='ltr'>quaerimus</span> <span class='ocrx_word' id='word_1_109' title='bbox 794 771 946 809; x_wconf 85' lang='lat' dir='ltr'>quercus</span> <span class='ocrx_word' id='word_1_110' title='bbox 967 771 1118 803; x_wconf 87' lang='lat' dir='ltr'>nomen,</span> <span class='ocrx_word' id='word_1_111' title='bbox 1144 759 1294 797; x_wconf 84' lang='lat' dir='ltr'>offertur</span> <span class='ocrx_word' id='word_1_112' title='bbox 1310 760 1436 796; x_wconf 80' lang='lat' dir='ltr'>animae</span> <span class='ocrx_word' id='word_1_113' title='bbox 1456 759 1593 796; x_wconf 87' lang='lat' dir='ltr'>arboris</span> <span class='ocrx_word' id='word_1_114' title='bbox 1609 770 1762 800; x_wconf 88' lang='lat' dir='ltr'>nomen,</span> <span class='ocrx_word' id='word_1_115' title='bbox 1786 758 1889 806; x_wconf 91' lang='lat' dir='ltr'>quod</span> 
     </span>
     <span class='ocr_line' id='line_1_12' title="bbox 297 815 1886 868; baseline 0.001 -15"><span class='ocrx_word' id='word_1_116' title='bbox 297 816 347 853; x_wconf 81' lang='lat' dir='ltr'>est</span> <span class='ocrx_word' id='word_1_117' title='bbox 367 815 501 859; x_wconf 84' lang='lat' dir='ltr'>claffis,</span> <span class='ocrx_word' id='word_1_118' title='bbox 543 816 676 855; x_wconf 75' lang='lat' dir='ltr'>deinde</span> <span class='ocrx_word' id='word_1_119' title='bbox 699 817 725 854; x_wconf 88' lang='lat' dir='ltr'><strong>fi</strong></span> <span class='ocrx_word' id='word_1_120' title='bbox 751 817 868 856; x_wconf 88' lang='lat' dir='ltr'>subito</span> <span class='ocrx_word' id='word_1_121' title='bbox 895 831 1049 868; x_wconf 89' lang='lat' dir='ltr'>quercus</span> <span class='ocrx_word' id='word_1_122' title='bbox 1089 830 1167 857; x_wconf 90' lang='lat' dir='ltr'>non</span> <span class='ocrx_word' id='word_1_123' title='bbox 1202 818 1490 868; x_wconf 75' lang='lat' dir='ltr'>repraesentatur,</span> <span class='ocrx_word' id='word_1_124' title='bbox 1532 817 1661 866; x_wconf 82' lang='lat' dir='ltr'>fagus,</span> <span class='ocrx_word' id='word_1_125' title='bbox 1708 818 1886 861; x_wconf 79' lang='lat' dir='ltr'>castanea,</span> 
     </span>
     <span class='ocr_line' id='line_1_13' title="bbox 294 874 1885 928; baseline 0.001 -14"><span class='ocrx_word' id='word_1_126' title='bbox 294 874 391 925; x_wconf 79' lang='lat' dir='ltr'>abjes</span> <span class='ocrx_word' id='word_1_127' title='bbox 414 903 424 918; x_wconf 95' lang='lat'>,</span> <span class='ocrx_word' id='word_1_128' title='bbox 470 877 614 913; x_wconf 87' lang='lat' dir='ltr'>arbores</span> <span class='ocrx_word' id='word_1_129' title='bbox 639 877 727 920; x_wconf 86' lang='lat' dir='ltr'>aliae,</span> <span class='ocrx_word' id='word_1_130' title='bbox 761 877 883 915; x_wconf 86' lang='lat' dir='ltr'>donec</span> <span class='ocrx_word' id='word_1_131' title='bbox 902 876 1044 927; x_wconf 80' lang='lat' dir='ltr'>quaefita</span> <span class='ocrx_word' id='word_1_132' title='bbox 1075 890 1230 928; x_wconf 88' lang='lat' dir='ltr'>quercus</span> <span class='ocrx_word' id='word_1_133' title='bbox 1263 877 1294 915; x_wconf 88' lang='lat' dir='ltr'>se</span> <span class='ocrx_word' id='word_1_134' title='bbox 1331 877 1577 926; x_wconf 80' lang='lat' dir='ltr'>repraesentet,</span> <span class='ocrx_word' id='word_1_135' title='bbox 1625 889 1734 926; x_wconf 82' lang='lat' dir='ltr'>quam</span> <span class='ocrx_word' id='word_1_136' title='bbox 1765 877 1885 915; x_wconf 81' lang='lat' dir='ltr'>anima</span> 
     </span>
     <span class='ocr_line' id='line_1_14' title="bbox 294 935 1884 987; baseline 0.001 -15"><span class='ocrx_word' id='word_1_137' title='bbox 294 935 411 972; x_wconf 73' lang='lat' dir='ltr'>statim</span> <span class='ocrx_word' id='word_1_138' title='bbox 445 935 639 983; x_wconf 83' lang='lat' dir='ltr'>adgnoscat</span> <span class='ocrx_word' id='word_1_139' title='bbox 667 948 746 974; x_wconf 84' lang='lat' dir='ltr'>eam</span> <span class='ocrx_word' id='word_1_140' title='bbox 777 936 865 980; x_wconf 83' lang='lat' dir='ltr'>effe,</span> <span class='ocrx_word' id='word_1_141' title='bbox 898 949 1007 987; x_wconf 86' lang='lat' dir='ltr'>quam</span> <span class='ocrx_word' id='word_1_142' title='bbox 1032 937 1205 986; x_wconf 74' lang='lat' dir='ltr'>indagine</span> <span class='ocrx_word' id='word_1_143' title='bbox 1235 936 1404 987; x_wconf 60' lang='lat' dir='ltr'>quaesivit.</span> <span class='ocrx_word' id='word_1_144' title='bbox 1476 935 1583 974; x_wconf 85' lang='lat' dir='ltr'>Hanc</span> <span class='ocrx_word' id='word_1_145' title='bbox 1629 936 1884 984; x_wconf 85' lang='lat' dir='ltr'>adgnitionem</span> 
     </span>
     <span class='ocr_line' id='line_1_15' title="bbox 294 993 1157 1045; baseline 0.002 -13"><span class='ocrx_word' id='word_1_146' title='bbox 294 993 589 1043; x_wconf 74' lang='lat' dir='ltr'>reminiscmtiffln</span> <span class='ocrx_word' id='word_1_147' title='bbox 615 1002 722 1034; x_wconf 82' lang='lat' dir='ltr'>vocat</span> <span class='ocrx_word' id='word_1_148' title='bbox 747 995 774 1034; x_wconf 92' lang='lat' dir='ltr'>B</span> <span class='ocrx_word' id='word_1_149' title='bbox 787 1009 809 1034; x_wconf 92' lang='grc' dir='ltr'>ο</span> <span class='ocrx_word' id='word_1_150' title='bbox 829 1009 853 1034; x_wconf 82' lang='lat' dir='ltr'>N</span> <span class='ocrx_word' id='word_1_151' title='bbox 868 1009 891 1034; x_wconf 82' lang='lat' dir='ltr'>N</span> <span class='ocrx_word' id='word_1_152' title='bbox 907 1008 926 1034; x_wconf 77' lang='grc' dir='ltr'>Ε</span> <span class='ocrx_word' id='word_1_153' title='bbox 941 1009 965 1033; x_wconf 76' lang='grc' dir='ltr'><strong>Τ</strong></span> <span class='ocrx_word' id='word_1_154' title='bbox 981 1009 1001 1034; x_wconf 84' lang='grc' dir='ltr'>υ</span> <span class='ocrx_word' id='word_1_155' title='bbox 1018 1010 1031 1034; x_wconf 93' lang='lat' dir='ltr'>s</span> <span class='ocrx_word' id='word_1_156' title='bbox 1063 999 1079 1045; x_wconf 92' lang='lat'>(</span> <span class='ocrx_word' id='word_1_157' title='bbox 1097 998 1157 1044; x_wconf 81' lang='lat' dir='ltr'><em>lc).</em></span> 
     </span>
    </p>

    <p class='ocr_par' dir='ltr' id='par_1_4' title="bbox 290 1051 1896 1509">
     <span class='ocr_line' id='line_1_16' title="bbox 353 1051 1896 1103; baseline -0.001 -11"><span class='ocrx_word' id='word_1_158' title='bbox 353 1052 556 1092; x_wconf 63' lang='lat' dir='ltr'>Occasione</span> <span class='ocrx_word' id='word_1_159' title='bbox 586 1056 756 1093; x_wconf 88' lang='lat' dir='ltr'>colorum</span> <span class='ocrx_word' id='word_1_160' title='bbox 781 1057 924 1094; x_wconf 88' lang='lat' dir='ltr'>colores</span> <span class='ocrx_word' id='word_1_161' title='bbox 953 1056 1106 1094; x_wconf 85' lang='lat' dir='ltr'>redeunt</span> <span class='ocrx_word' id='word_1_162' title='bbox 1141 1067 1266 1094; x_wconf 86' lang='lat' dir='ltr'>coram</span> <span class='ocrx_word' id='word_1_163' title='bbox 1293 1051 1455 1092; x_wconf 68' lang='lat' dir='ltr'>nientem</span> <span class='ocrx_word' id='word_1_164' title='bbox 1476 1082 1486 1097; x_wconf 94' lang='lat'>,</span> <span class='ocrx_word' id='word_1_165' title='bbox 1519 1053 1670 1103; x_wconf 86' lang='lat' dir='ltr'>sonique</span> <span class='ocrx_word' id='word_1_166' title='bbox 1701 1055 1808 1092; x_wconf 89' lang='lat' dir='ltr'>sonos</span> <span class='ocrx_word' id='word_1_167' title='bbox 1825 1065 1896 1092; x_wconf 75' lang='lat' dir='ltr'>re-v</span> 
     </span>
     <span class='ocr_line' id='line_1_17' title="bbox 294 1113 1882 1167; baseline 0 -16"><span class='ocrx_word' id='word_1_168' title='bbox 294 1121 459 1157; x_wconf 83' lang='lat' dir='ltr'>vocant,</span> <span class='ocrx_word' id='word_1_169' title='bbox 506 1126 625 1164; x_wconf 87' lang='lat' dir='ltr'>neque</span> <span class='ocrx_word' id='word_1_170' title='bbox 651 1115 819 1164; x_wconf 83' lang='lat' dir='ltr'>saporum</span> <span class='ocrx_word' id='word_1_171' title='bbox 858 1117 998 1153; x_wconf 89' lang='lat' dir='ltr'>mentio</span> <span class='ocrx_word' id='word_1_172' title='bbox 1034 1115 1176 1154; x_wconf 83' lang='lat' dir='ltr'>reducit</span> <span class='ocrx_word' id='word_1_173' title='bbox 1201 1116 1298 1165; x_wconf 77' lang='lat' dir='ltr'>signa</span> <span class='ocrx_word' id='word_1_174' title='bbox 1323 1114 1502 1155; x_wconf 79' lang='lat' dir='ltr'>colorum.</span> <span class='ocrx_word' id='word_1_175' title='bbox 1563 1113 1632 1167; x_wconf 12' lang='lat' dir='ltr'>Est?</span> <span class='ocrx_word' id='word_1_176' title='bbox 1655 1125 1744 1162; x_wconf 87' lang='lat' dir='ltr'>ergo</span> <span class='ocrx_word' id='word_1_177' title='bbox 1783 1124 1882 1151; x_wconf 87' lang='lat' dir='ltr'>cere-</span> 
     </span>
     <span class='ocr_line' id='line_1_18' title="bbox 292 1171 1879 1224; baseline 0 -14"><span class='ocrx_word' id='word_1_178' title='bbox 292 1173 426 1216; x_wconf 83' lang='lat' dir='ltr'>brum,</span> <span class='ocrx_word' id='word_1_179' title='bbox 465 1185 529 1222; x_wconf 87' lang='lat' dir='ltr'>per</span> <span class='ocrx_word' id='word_1_180' title='bbox 563 1176 846 1224; x_wconf 79' lang='lat' dir='ltr'>experientiam,</span> <span class='ocrx_word' id='word_1_181' title='bbox 883 1175 1013 1224; x_wconf 81' lang='lat' dir='ltr'>ingens</span> <span class='ocrx_word' id='word_1_182' title='bbox 1034 1174 1256 1213; x_wconf 78' lang='lat' dir='ltr'>bibliotheca</span> <span class='ocrx_word' id='word_1_183' title='bbox 1275 1173 1360 1221; x_wconf 88' lang='lat' dir='ltr'>(l),</span> <span class='ocrx_word' id='word_1_184' title='bbox 1398 1175 1437 1210; x_wconf 87' lang='lat' dir='ltr'>in</span> <span class='ocrx_word' id='word_1_185' title='bbox 1465 1184 1535 1222; x_wconf 83' lang='lat' dir='ltr'>qua</span> <span class='ocrx_word' id='word_1_186' title='bbox 1556 1171 1654 1222; x_wconf 80' lang='lat' dir='ltr'>signa</span> <span class='ocrx_word' id='word_1_187' title='bbox 1683 1173 1719 1211; x_wconf 87' lang='lat'>&amp;</span> <span class='ocrx_word' id='word_1_188' title='bbox 1751 1173 1879 1221; x_wconf 83' lang='lat' dir='ltr'>imagi-</span> 
     </span>
     <span class='ocr_line' id='line_1_19' title="bbox 292 1231 1878 1284; baseline -0.001 -14"><span class='ocrx_word' id='word_1_189' title='bbox 292 1245 381 1275; x_wconf 85' lang='lat' dir='ltr'>nes,</span> <span class='ocrx_word' id='word_1_190' title='bbox 422 1241 608 1283; x_wconf 83' lang='lat' dir='ltr'>tamquam</span> <span class='ocrx_word' id='word_1_191' title='bbox 634 1234 738 1277; x_wconf 82' lang='lat' dir='ltr'>libri,</span> <span class='ocrx_word' id='word_1_192' title='bbox 773 1246 837 1284; x_wconf 88' lang='lat' dir='ltr'>per</span> <span class='ocrx_word' id='word_1_193' title='bbox 868 1234 987 1273; x_wconf 83' lang='lat' dir='ltr'>claffes</span> <span class='ocrx_word' id='word_1_194' title='bbox 1012 1234 1087 1273; x_wconf 84' lang='lat' dir='ltr'>suas</span> <span class='ocrx_word' id='word_1_195' title='bbox 1117 1236 1153 1272; x_wconf 67' lang='grc' dir='ltr'>ὃς</span> <span class='ocrx_word' id='word_1_196' title='bbox 1175 1234 1375 1273; x_wconf 84' lang='lat' dir='ltr'>adfinitates</span> <span class='ocrx_word' id='word_1_197' title='bbox 1407 1232 1659 1282; x_wconf 85' lang='lat' dir='ltr'>disponuntur.</span> <span class='ocrx_word' id='word_1_198' title='bbox 1711 1231 1782 1270; x_wconf 89' lang='lat' dir='ltr'>Sed</span> <span class='ocrx_word' id='word_1_199' title='bbox 1798 1232 1878 1283; x_wconf 87' lang='lat' dir='ltr'>plus</span> 
     </span>
     <span class='ocr_line' id='line_1_20' title="bbox 290 1290 1876 1343; baseline 0.001 -15"><span class='ocrx_word' id='word_1_200' title='bbox 290 1293 330 1329; x_wconf 87' lang='lat' dir='ltr'>in</span> <span class='ocrx_word' id='word_1_201' title='bbox 360 1292 508 1330; x_wconf 86' lang='lat' dir='ltr'>cerebro</span> <span class='ocrx_word' id='word_1_202' title='bbox 540 1290 607 1336; x_wconf 86' lang='lat' dir='ltr'>est,</span> <span class='ocrx_word' id='word_1_203' title='bbox 647 1306 757 1343; x_wconf 68' lang='lat' dir='ltr'>quam</span> <span class='ocrx_word' id='word_1_204' title='bbox 786 1295 824 1331; x_wconf 86' lang='lat' dir='ltr'>in</span> <span class='ocrx_word' id='word_1_205' title='bbox 857 1294 1103 1341; x_wconf 69' lang='lat' dir='ltr'>bibliothe023</span> <span class='ocrx_word' id='word_1_206' title='bbox 1137 1307 1220 1333; x_wconf 79' lang='lat' dir='ltr'>nam</span> <span class='ocrx_word' id='word_1_207' title='bbox 1253 1294 1360 1342; x_wconf 89' lang='lat' dir='ltr'>hujus</span> <span class='ocrx_word' id='word_1_208' title='bbox 1379 1293 1459 1329; x_wconf 88' lang='lat' dir='ltr'>libri</span> <span class='ocrx_word' id='word_1_209' title='bbox 1480 1293 1583 1330; x_wconf 84' lang='lat' dir='ltr'>nullo</span> <span class='ocrx_word' id='word_1_210' title='bbox 1619 1291 1768 1329; x_wconf 89' lang='lat' dir='ltr'>vinculo</span> <span class='ocrx_word' id='word_1_211' title='bbox 1785 1303 1876 1329; x_wconf 90' lang='lat' dir='ltr'>con-</span> 
     </span>
     <span class='ocr_line' id='line_1_21' title="bbox 291 1351 1876 1402; baseline 0 -13"><span class='ocrx_word' id='word_1_212' title='bbox 291 1352 504 1395; x_wconf 63' lang='lat' dir='ltr'>neffituntur,</span> <span class='ocrx_word' id='word_1_213' title='bbox 555 1353 701 1402; x_wconf 86' lang='lat' dir='ltr'>vestigia</span> <span class='ocrx_word' id='word_1_214' title='bbox 746 1366 833 1392; x_wconf 91' lang='lat' dir='ltr'>vero</span> <span class='ocrx_word' id='word_1_215' title='bbox 851 1382 861 1397; x_wconf 92' lang='lat'>,</span> <span class='ocrx_word' id='word_1_216' title='bbox 913 1355 949 1392; x_wconf 70' lang='grc' dir='ltr'>δι</span> <span class='ocrx_word' id='word_1_217' title='bbox 976 1353 1162 1402; x_wconf 85' lang='lat' dir='ltr'>fignorum</span> <span class='ocrx_word' id='word_1_218' title='bbox 1221 1354 1258 1391; x_wconf 76' lang='grc' dir='ltr'>δε</span> <span class='ocrx_word' id='word_1_219' title='bbox 1301 1354 1527 1400; x_wconf 82' lang='lat' dir='ltr'>imaginum,</span> <span class='ocrx_word' id='word_1_220' title='bbox 1576 1362 1744 1389; x_wconf 81' lang='lat' dir='ltr'>connexa</span> <span class='ocrx_word' id='word_1_221' title='bbox 1770 1351 1876 1394; x_wconf 88' lang='lat' dir='ltr'>sunt,</span> 
     </span>
     <span class='ocr_line' id='line_1_22' title="bbox 291 1410 1880 1459; baseline 0 -12"><span class='ocrx_word' id='word_1_222' title='bbox 291 1412 354 1448; x_wconf 84' lang='lat' dir='ltr'>vix</span> <span class='ocrx_word' id='word_1_223' title='bbox 382 1411 601 1459; x_wconf 81' lang='lat' dir='ltr'>intelligibili</span> <span class='ocrx_word' id='word_1_224' title='bbox 643 1412 781 1456; x_wconf 82' lang='lat' dir='ltr'>modo,</span> <span class='ocrx_word' id='word_1_225' title='bbox 834 1412 893 1451; x_wconf 91' lang='lat' dir='ltr'>sed</span> <span class='ocrx_word' id='word_1_226' title='bbox 926 1425 1092 1451; x_wconf 80' lang='lat' dir='ltr'>connexa</span> <span class='ocrx_word' id='word_1_227' title='bbox 1126 1421 1270 1456; x_wconf 86' lang='lat' dir='ltr'>tamen,</span> <span class='ocrx_word' id='word_1_228' title='bbox 1321 1419 1362 1450; x_wconf 87' lang='lat' dir='ltr'>ut</span> <span class='ocrx_word' id='word_1_229' title='bbox 1397 1422 1513 1449; x_wconf 86' lang='lat' dir='ltr'>unum</span> <span class='ocrx_word' id='word_1_230' title='bbox 1556 1412 1753 1448; x_wconf 83' lang='lat' dir='ltr'>excitatum</span> <span class='ocrx_word' id='word_1_231' title='bbox 1792 1410 1880 1448; x_wconf 82' lang='lat' dir='ltr'>alte-</span> 
     </span>
     <span class='ocr_line' id='line_1_23' title="bbox 296 1479 564 1509; baseline 0 -2"><span class='ocrx_word' id='word_1_232' title='bbox 296 1482 380 1509; x_wconf 85' lang='lat' dir='ltr'>rum</span> <span class='ocrx_word' id='word_1_233' title='bbox 408 1479 564 1508; x_wconf 85' lang='lat' dir='ltr'>revocet.</span> 
     </span>
    </p>

    <p class='ocr_par' dir='ltr' id='par_1_5' title="bbox 288 1528 1880 1701">
     <span class='ocr_line' id='line_1_24' title="bbox 351 1528 1880 1582; baseline 0.001 -15"><span class='ocrx_word' id='word_1_234' title='bbox 351 1529 443 1567; x_wconf 89' lang='lat' dir='ltr'>Sunt</span> <span class='ocrx_word' id='word_1_235' title='bbox 467 1539 586 1568; x_wconf 84' lang='lat' dir='ltr'>autem</span> <span class='ocrx_word' id='word_1_236' title='bbox 611 1542 779 1569; x_wconf 79' lang='lat' dir='ltr'>connexa</span> <span class='ocrx_word' id='word_1_237' title='bbox 804 1531 937 1570; x_wconf 88' lang='lat' dir='ltr'>eodem</span> <span class='ocrx_word' id='word_1_238' title='bbox 971 1532 1121 1575; x_wconf 86' lang='lat' dir='ltr'>ordine,</span> <span class='ocrx_word' id='word_1_239' title='bbox 1173 1544 1249 1582; x_wconf 93' lang='lat' dir='ltr'>quo</span> <span class='ocrx_word' id='word_1_240' title='bbox 1280 1532 1318 1568; x_wconf 88' lang='lat' dir='ltr'>in</span> <span class='ocrx_word' id='word_1_241' title='bbox 1350 1529 1548 1568; x_wconf 87' lang='lat' dir='ltr'>sensorium</span> <span class='ocrx_word' id='word_1_242' title='bbox 1586 1540 1786 1567; x_wconf 88' lang='lat' dir='ltr'>commune</span> <span class='ocrx_word' id='word_1_243' title='bbox 1818 1528 1880 1568; x_wconf 81' lang='lat' dir='ltr'>ad-</span> 
     </span>
     <span class='ocr_line' id='line_1_25' title="bbox 288 1588 1875 1640; baseline -0.001 -12"><span class='ocrx_word' id='word_1_244' title='bbox 288 1596 476 1628; x_wconf 82' lang='lat' dir='ltr'>venerunt.</span> <span class='ocrx_word' id='word_1_245' title='bbox 532 1589 718 1635; x_wconf 69' lang='lat' dir='ltr'>Quaeritur</span> <span class='ocrx_word' id='word_1_246' title='bbox 732 1603 846 1640; x_wconf 88' lang='lat' dir='ltr'>puero</span> <span class='ocrx_word' id='word_1_247' title='bbox 874 1603 1013 1629; x_wconf 81' lang='lat' dir='ltr'>nomen</span> <span class='ocrx_word' id='word_1_248' title='bbox 1035 1592 1174 1629; x_wconf 72' lang='lat' dir='ltr'>arboris</span> <span class='ocrx_word' id='word_1_249' title='bbox 1202 1604 1279 1629; x_wconf 83' lang='lat' dir='ltr'>non</span> <span class='ocrx_word' id='word_1_250' title='bbox 1314 1590 1418 1627; x_wconf 83' lang='lat' dir='ltr'>valde</span> <span class='ocrx_word' id='word_1_251' title='bbox 1442 1599 1564 1632; x_wconf 84' lang='lat' dir='ltr'>notae,</span> <span class='ocrx_word' id='word_1_252' title='bbox 1606 1597 1646 1627; x_wconf 90' lang='lat' dir='ltr'>ut</span> <span class='ocrx_word' id='word_1_253' title='bbox 1672 1588 1875 1631; x_wconf 76' lang='lat' dir='ltr'>Castaneae,</span> 
     </span>
     <span class='ocr_line' id='line_1_26' title="bbox 300 1648 1770 1701; baseline 0 -14"><span class='ocrx_word' id='word_1_254' title='bbox 300 1650 363 1687; x_wconf 80' lang='lat' dir='ltr'><strong>v1&#39;x</strong></span> <span class='ocrx_word' id='word_1_255' title='bbox 388 1657 588 1698; x_wconf 81' lang='lat' dir='ltr'>praeceptor</span> <span class='ocrx_word' id='word_1_256' title='bbox 619 1649 759 1688; x_wconf 88' lang='lat' dir='ltr'>literam</span> <span class='ocrx_word' id='word_1_257' title='bbox 783 1650 845 1689; x_wconf 90' lang='lat' dir='ltr'>Ca.</span> <span class='ocrx_word' id='word_1_258' title='bbox 865 1653 1069 1690; x_wconf 81' lang='lat' dir='ltr'>nominavit</span> <span class='ocrx_word' id='word_1_259' title='bbox 1089 1679 1100 1693; x_wconf 92' lang='lat'>,</span> <span class='ocrx_word' id='word_1_260' title='bbox 1134 1652 1222 1701; x_wconf 89' lang='lat' dir='ltr'>quin</span> <span class='ocrx_word' id='word_1_261' title='bbox 1255 1650 1401 1699; x_wconf 76' lang='lat' dir='ltr'>reliquae</span> <span class='ocrx_word' id='word_1_262' title='bbox 1425 1649 1536 1686; x_wconf 83' lang='lat' dir='ltr'>literae</span> <span class='ocrx_word' id='word_1_263' title='bbox 1565 1648 1770 1687; x_wconf 83' lang='lat' dir='ltr'>succedant.</span> 
     </span>
    </p>

    <p class='ocr_par' dir='ltr' id='par_1_6' title="bbox 287 1706 1881 2056">
     <span class='ocr_line' id='line_1_27' title="bbox 349 1706 1881 1761; baseline 0 -16"><span class='ocrx_word' id='word_1_264' title='bbox 349 1708 441 1746; x_wconf 86' lang='lat' dir='ltr'>Sunt</span> <span class='ocrx_word' id='word_1_265' title='bbox 472 1710 579 1746; x_wconf 84' lang='lat' dir='ltr'>etiam</span> <span class='ocrx_word' id='word_1_266' title='bbox 609 1721 783 1747; x_wconf 79' lang='lat' dir='ltr'>connexae</span> <span class='ocrx_word' id='word_1_267' title='bbox 816 1723 880 1761; x_wconf 86' lang='lat' dir='ltr'>per</span> <span class='ocrx_word' id='word_1_268' title='bbox 909 1710 1142 1749; x_wconf 84' lang='lat' dir='ltr'>definitiones</span> <span class='ocrx_word' id='word_1_269' title='bbox 1173 1711 1258 1749; x_wconf 85' lang='lat' dir='ltr'>suas.</span> <span class='ocrx_word' id='word_1_270' title='bbox 1299 1709 1461 1759; x_wconf 30' lang='lat' dir='ltr'>&#39;Justum</span> <span class='ocrx_word' id='word_1_271' title='bbox 1483 1708 1710 1760; x_wconf 84' lang='lat' dir='ltr'>Principem,</span> <span class='ocrx_word' id='word_1_272' title='bbox 1759 1706 1881 1757; x_wconf 51' lang='lat' dir='ltr'>piumss</span> 
     </span>
     <span class='ocr_line' id='line_1_28' title="bbox 289 1767 1876 1818; baseline 0 -13"><span class='ocrx_word' id='word_1_273' title='bbox 289 1780 360 1818; x_wconf 90' lang='lat' dir='ltr'>que</span> <span class='ocrx_word' id='word_1_274' title='bbox 387 1767 584 1811; x_wconf 79' lang='lat' dir='ltr'>desideras,</span> <span class='ocrx_word' id='word_1_275' title='bbox 631 1771 782 1808; x_wconf 88' lang='lat' dir='ltr'>recurrit</span> <span class='ocrx_word' id='word_1_276' title='bbox 814 1769 857 1808; x_wconf 93' lang='lat' dir='ltr'>T.</span> <span class='ocrx_word' id='word_1_277' title='bbox 896 1773 1213 1810; x_wconf 77' lang='lat' dir='ltr'>ANTONINUS</span> <span class='ocrx_word' id='word_1_278' title='bbox 1230 1799 1239 1813; x_wconf 91' lang='lat'>,</span> <span class='ocrx_word' id='word_1_279' title='bbox 1289 1769 1341 1807; x_wconf 90' lang='lat' dir='ltr'>M.</span> <span class='ocrx_word' id='word_1_280' title='bbox 1369 1769 1436 1807; x_wconf 88' lang='lat' dir='ltr'>Au</span> <span class='ocrx_word' id='word_1_281' title='bbox 1454 1780 1662 1813; x_wconf 80' lang='lat' dir='ltr'>RELIUS3</span> <span class='ocrx_word' id='word_1_282' title='bbox 1726 1768 1876 1805; x_wconf 82' lang='lat' dir='ltr'>recurrit</span> 
     </span>
     <span class='ocr_line' id='line_1_29' title="bbox 288 1825 1876 1877; baseline 0 -13"><span class='ocrx_word' id='word_1_283' title='bbox 288 1827 416 1866; x_wconf 86' lang='lat' dir='ltr'>divum</span> <span class='ocrx_word' id='word_1_284' title='bbox 445 1839 583 1865; x_wconf 88' lang='lat' dir='ltr'>nomen</span> <span class='ocrx_word' id='word_1_285' title='bbox 605 1827 808 1867; x_wconf 66' lang='lat' dir='ltr'>Geoaor</span> <span class='ocrx_word' id='word_1_286' title='bbox 827 1842 840 1866; x_wconf 93' lang='lat'>1</span> <span class='ocrx_word' id='word_1_287' title='bbox 868 1829 928 1868; x_wconf 90' lang='lat'>111.</span> <span class='ocrx_word' id='word_1_288' title='bbox 1006 1829 1066 1869; x_wconf 77' lang='lat' dir='ltr'>De</span> <span class='ocrx_word' id='word_1_289' title='bbox 1097 1829 1276 1868; x_wconf 79' lang='lat' dir='ltr'>bellicosis</span> <span class='ocrx_word' id='word_1_290' title='bbox 1303 1828 1448 1877; x_wconf 87' lang='lat' dir='ltr'>regibus</span> <span class='ocrx_word' id='word_1_291' title='bbox 1495 1828 1691 1875; x_wconf 78' lang='lat' dir='ltr'>quaeritur,</span> <span class='ocrx_word' id='word_1_292' title='bbox 1746 1825 1876 1875; x_wconf 84' lang='lat' dir='ltr'>sponte</span> 
     </span>
     <span class='ocr_line' id='line_1_30' title="bbox 287 1885 1877 1936; baseline -0.001 -13"><span class='ocrx_word' id='word_1_293' title='bbox 287 1886 322 1923; x_wconf 84' lang='lat' dir='ltr'>se</span> <span class='ocrx_word' id='word_1_294' title='bbox 352 1887 518 1936; x_wconf 82' lang='lat' dir='ltr'>suggeret</span> <span class='ocrx_word' id='word_1_295' title='bbox 549 1888 868 1927; x_wconf 81' lang='lat' dir='ltr'>ALEXANDRI</span> <span class='ocrx_word' id='word_1_296' title='bbox 900 1889 1002 1932; x_wconf 84' lang='lat' dir='ltr'>idea,</span> <span class='ocrx_word' id='word_1_297' title='bbox 1041 1889 1077 1926; x_wconf 89' lang='lat'>&amp;</span> <span class='ocrx_word' id='word_1_298' title='bbox 1101 1889 1364 1930; x_wconf 70' lang='lat' dir='ltr'>Cfflsmus,</span> <span class='ocrx_word' id='word_1_299' title='bbox 1401 1889 1437 1924; x_wconf 72' lang='grc' dir='ltr'>ἀ</span> <span class='ocrx_word' id='word_1_300' title='bbox 1461 1885 1774 1924; x_wconf 61' lang='lat' dir='ltr'>Funerum.</span> <span class='ocrx_word' id='word_1_301' title='bbox 1820 1885 1877 1922; x_wconf 91' lang='lat' dir='ltr'>Si-</span> 
     </span>
     <span class='ocr_line' id='line_1_31' title="bbox 288 1945 1873 1998; baseline -0.001 -15"><span class='ocrx_word' id='word_1_302' title='bbox 288 1948 332 1983; x_wconf 81' lang='lat' dir='ltr'>tis</span> <span class='ocrx_word' id='word_1_303' title='bbox 358 1959 466 1996; x_wconf 78' lang='lat' dir='ltr'>quam</span> <span class='ocrx_word' id='word_1_304' title='bbox 501 1948 719 1996; x_wconf 72' lang='lat' dir='ltr'>percipimus</span> <span class='ocrx_word' id='word_1_305' title='bbox 750 1949 904 1997; x_wconf 75' lang='lat' dir='ltr'>speciem</span> <span class='ocrx_word' id='word_1_306' title='bbox 926 1949 1150 1998; x_wconf 79' lang='lat' dir='ltr'>scaturiginis</span> <span class='ocrx_word' id='word_1_307' title='bbox 1177 1951 1213 1987; x_wconf 86' lang='lat'>&amp;</span> <span class='ocrx_word' id='word_1_308' title='bbox 1250 1948 1426 1986; x_wconf 88' lang='lat' dir='ltr'>blandum</span> <span class='ocrx_word' id='word_1_309' title='bbox 1461 1945 1674 1994; x_wconf 79' lang='lat' dir='ltr'>frigentium</span> <span class='ocrx_word' id='word_1_310' title='bbox 1697 1955 1873 1995; x_wconf 80' lang='lat' dir='ltr'>aquarum</span> 
     </span>
     <span class='ocr_line' id='line_1_32' title="bbox 292 2007 782 2056; baseline 0.006 -14"><span class='ocrx_word' id='word_1_311' title='bbox 292 2017 459 2044; x_wconf 85' lang='lat' dir='ltr'>murmur</span> <span class='ocrx_word' id='word_1_312' title='bbox 487 2015 633 2044; x_wconf 85' lang='lat' dir='ltr'>revocat</span> <span class='ocrx_word' id='word_1_313' title='bbox 662 2008 681 2054; x_wconf 87' lang='lat'>(</span> <span class='ocrx_word' id='word_1_314' title='bbox 701 2019 736 2044; x_wconf 89' lang='lat' dir='ltr'>m</span> <span class='ocrx_word' id='word_1_315' title='bbox 756 2007 782 2056; x_wconf 93' lang='lat'>).</span> 
     </span>
    </p>

    <p class='ocr_par' dir='ltr' id='par_1_7' title="bbox 349 2061 1870 2117">
     <span class='ocr_line' id='line_1_33' title="bbox 349 2061 1870 2117; baseline 0 -16"><span class='ocrx_word' id='word_1_316' title='bbox 349 2064 440 2102; x_wconf 85' lang='lat' dir='ltr'>Sunt</span> <span class='ocrx_word' id='word_1_317' title='bbox 473 2069 578 2103; x_wconf 76' lang='lat' dir='ltr'>etlam</span> <span class='ocrx_word' id='word_1_318' title='bbox 601 2078 776 2104; x_wconf 67' lang='lat' dir='ltr'>connexae</span> <span class='ocrx_word' id='word_1_319' title='bbox 799 2074 1033 2116; x_wconf 82' lang='lat' dir='ltr'>pertempora</span> <span class='ocrx_word' id='word_1_320' title='bbox 1050 2095 1060 2110; x_wconf 90' lang='lat'>‚</span> <span class='ocrx_word' id='word_1_321' title='bbox 1095 2076 1227 2117; x_wconf 84' lang='lat' dir='ltr'>utquae</span> <span class='ocrx_word' id='word_1_322' title='bbox 1241 2066 1371 2105; x_wconf 83' lang='lat' dir='ltr'>eodem</span> <span class='ocrx_word' id='word_1_323' title='bbox 1392 2073 1557 2114; x_wconf 88' lang='lat' dir='ltr'>tempore</span> <span class='ocrx_word' id='word_1_324' title='bbox 1574 2070 1662 2101; x_wconf 82' lang='lat' dir='ltr'>natae</span> <span class='ocrx_word' id='word_1_325' title='bbox 1687 2061 1870 2101; x_wconf 83' lang='lat' dir='ltr'>suntideae</span> 
     </span>
    </p>
   </div>
   <div class='ocr_carea' id='block_1_3' title="bbox 291 2121 1876 2232">
    <p class='ocr_par' dir='ltr' id='par_1_8' title="bbox 291 2121 1876 2232">
     <span class='ocr_line' id='line_1_34' title="bbox 291 2121 1872 2177; baseline -0.004 -12"><span class='ocrx_word' id='word_1_326' title='bbox 291 2123 428 2172; x_wconf 67' lang='lat' dir='ltr'>sex-dem</span> <span class='ocrx_word' id='word_1_327' title='bbox 456 2125 488 2162; x_wconf 86' lang='lat' dir='ltr'>se</span> <span class='ocrx_word' id='word_1_328' title='bbox 522 2133 652 2164; x_wconf 89' lang='lat' dir='ltr'>mutuo</span> <span class='ocrx_word' id='word_1_329' title='bbox 680 2136 864 2165; x_wconf 75' lang='lat' dir='ltr'>revocent.</span> <span class='ocrx_word' id='word_1_330' title='bbox 927 2126 980 2166; x_wconf 84' lang='lat' dir='ltr'>Ita</span> <span class='ocrx_word' id='word_1_331' title='bbox 1005 2127 1136 2171; x_wconf 68' lang='lat' dir='ltr'>taetus,</span> <span class='ocrx_word' id='word_1_332' title='bbox 1166 2128 1229 2177; x_wconf 87' lang='lat' dir='ltr'>qui</span> <span class='ocrx_word' id='word_1_333' title='bbox 1250 2126 1452 2166; x_wconf 81' lang='lat' dir='ltr'>rotundum</span> <span class='ocrx_word' id='word_1_334' title='bbox 1476 2136 1609 2175; x_wconf 84' lang='lat' dir='ltr'>corpus</span> <span class='ocrx_word' id='word_1_335' title='bbox 1623 2131 1724 2162; x_wconf 87' lang='lat' dir='ltr'>certo</span> <span class='ocrx_word' id='word_1_336' title='bbox 1757 2121 1872 2159; x_wconf 91' lang='lat' dir='ltr'>modo</span> 
     </span>
     <span class='ocr_line' id='line_1_35' title="bbox 1013 2181 1876 2232; baseline 0.001 -14"><span class='ocrx_word' id='word_1_337' title='bbox 1013 2204 1015 2207; x_wconf 84' lang='lat'><em>.</em></span> <span class='ocrx_word' id='word_1_338' title='bbox 1721 2181 1876 2232; x_wconf 85' lang='lat' dir='ltr'>percipit</span> 
     </span>
    </p>
   </div>
   <div class='ocr_carea' id='block_1_4' title="bbox 328 2288 1871 2373">
    <p class='ocr_par' dir='ltr' id='par_1_9' title="bbox 328 2288 1871 2373">
     <span class='ocr_line' id='line_1_36' title="bbox 328 2288 1871 2373; baseline -0.005 -10"><span class='ocrx_word' id='word_1_339' title='bbox 328 2288 396 2364; x_wconf 49' lang='lat'>{153</span> <span class='ocrx_word' id='word_1_340' title='bbox 422 2293 653 2362; x_wconf 46' lang='lat' dir='ltr'>glezsi&#39;anismum</span> <span class='ocrx_word' id='word_1_341' title='bbox 682 2333 819 2371; x_wconf 74' lang='lat' dir='ltr'>proponit</span> <span class='ocrx_word' id='word_1_342' title='bbox 845 2332 888 2366; x_wconf 88' lang='lat' dir='ltr'>Cl.</span> <span class='ocrx_word' id='word_1_343' title='bbox 912 2333 933 2365; x_wconf 83' lang='lat'>13</span> <span class='ocrx_word' id='word_1_344' title='bbox 952 2335 1124 2373; x_wconf 65' lang='lat' dir='ltr'>osum,</span> <span class='ocrx_word' id='word_1_345' title='bbox 1167 2340 1198 2366; x_wconf 83' lang='lat' dir='ltr'>ut</span> <span class='ocrx_word' id='word_1_346' title='bbox 1228 2334 1306 2367; x_wconf 78' lang='lat' dir='ltr'>fibrae</span> <span class='ocrx_word' id='word_1_347' title='bbox 1342 2332 1461 2372; x_wconf 63' lang='lat' dir='ltr'>inpulsae</span> <span class='ocrx_word' id='word_1_348' title='bbox 1490 2329 1557 2365; x_wconf 68' lang='lat' dir='ltr'>alins</span> <span class='ocrx_word' id='word_1_349' title='bbox 1580 2330 1618 2363; x_wconf 80' lang='lat' dir='ltr'>ad</span> <span class='ocrx_word' id='word_1_350' title='bbox 1652 2332 1764 2362; x_wconf 82' lang='lat' dir='ltr'>motum</span> <span class='ocrx_word' id='word_1_351' title='bbox 1792 2326 1871 2365; x_wconf 71' lang='lat' dir='ltr'>inpe-</span> 
     </span>
    </p>
   </div>
   <div class='ocr_carea' id='block_1_5' title="bbox 287 2378 685 2452">
    <p class='ocr_par' dir='ltr' id='par_1_10' title="bbox 287 2378 685 2452">
     <span class='ocr_line' id='line_1_37' title="bbox 287 2378 502 2409; baseline 0.014 -10"><span class='ocrx_word' id='word_1_352' title='bbox 287 2378 364 2400; x_wconf 62' lang='lat' dir='ltr'>trent</span> <span class='ocrx_word' id='word_1_353' title='bbox 387 2380 413 2407; x_wconf 85' lang='lat' dir='ltr'>p.</span> <span class='ocrx_word' id='word_1_354' title='bbox 435 2380 502 2409; x_wconf 83' lang='lat'>337.</span> 
     </span>
     <span class='ocr_line' id='line_1_38' title="bbox 328 2412 685 2452; baseline 0.014 -13"><span class='ocrx_word' id='word_1_355' title='bbox 328 2412 407 2448; x_wconf 82' lang='lat' dir='ltr'>(m)</span> <span class='ocrx_word' id='word_1_356' title='bbox 440 2412 546 2444; x_wconf 64' lang='lat' dir='ltr'>lnam</span> <span class='ocrx_word' id='word_1_357' title='bbox 569 2422 597 2452; x_wconf 87' lang='lat' dir='ltr'>p.</span> <span class='ocrx_word' id='word_1_358' title='bbox 619 2421 685 2452; x_wconf 83' lang='lat'>133.</span> 
     </span>
    </p>
   </div>
  </div>
 </body>
</html>
