2003 2764
243 127 266 156 2
601 117 926 157 LIBXII.
1006 117 1357 158 TACTUS.

238 224 313 250 non
332 213 367 250 in
382 219 463 252 cute
487 211 557 251 sola
577 241 586 256 ,
621 213 680 251 sed
698 216 792 251 intus
811 215 917 250 etiam
931 215 967 250 in
983 224 1138 263 corpore
1155 243 1165 257 ,
1187 215 1375 253 manifesto
1396 214 1632 254 ventriculi&
1654 214 1839 252 intestino-

238 284 319 310 rum
343 274 536 321 exemplo‚
571 275 684 321 magis
702 302 712 316 ,
748 274 810 310 ubi
836 274 983 322 plurimi
1015 275 1136 315 nervi,
1164 276 1250 311 uti.)
1276 275 1399 317 oculo,
1426 275 1547 322 lingua
1564 304 1573 318 ,
1603 286 1696 323 pene
1723 284 1839 311 extre-

239 343 328 368 mo:
365 334 494 374 minue,
518 333 579 369 ubi
601 334 699 369 nervi
721 332 846 379 pauci,
888 334 940 369 uti
961 334 997 368 in
1018 335 1108 370 cutis
1129 334 1314 370 nonnullis
1334 334 1472 370 sedibus
1495 333 1603 383 (e),
1642 335 1677 369 in
1701 333 1840 369 visceri-

239 391 304 428 bus
334 390 454 438 (ff),
490 393 526 428 in
549 392 659 428 corde
690 389 767 439 (f)
793 403 800 427 :
837 391 956 429 nullus
978 393 1159 434 omnino,
1195 390 1256 430 ubi
1287 392 1374 430 nulli
1405 394 1524 434 nervi,
1556 400 1597 430 ut
1626 395 1663 428 in
1697 391 1840 440 epider-

239 449 359 492 mide,
396 451 470 499 pilo
488 478 497 493 ,
518 462 642 499 ungue
664 479 674 493 ‚
703 449 786 493 offe,
802 451 1019 499 cartilagine,
1040 451 1240 499 ligamento
1256 479 1264 494 ,
1295 451 1445 489 tendine
1462 478 1471 494 ,
1493 452 1698 489 membrana
1718 451 1838 487 nervis

238 508 334 547 nuda
362 508 380 556 (
398 521 427 556 g
449 511 478 557 ).
1728 515 1730 517 ’

298 566 443 606 Deinde
478 569 592 615 major
634 567 749 606 sensus
776 568 826 606 est
861 569 897 605 δε
927 567 1165 617 exquisitior,
1207 570 1419 619 ubicunque
1452 577 1512 608 aut
1547 581 1678 607 nervus
1705 567 1840 605 nudior

238 629 383 675 organis
413 629 668 666 ambeuntibus
684 629 880 677 exponitur
900 656 909 669 ‚
955 636 993 665 ut
1020 630 1055 666 in
1078 637 1160 667 cute
1178 629 1356 667 denudata
1371 657 1379 671 ‚
1405 636 1465 667 aut
1495 629 1721 667 tenuioribus
1743 633 1841 664 certe

236 686 438 725 involucris
471 689 624 735 tegitur,
656 694 694 726 ut
718 689 756 724 in
785 688 917 737 glande
950 689 1056 725 etiam
1082 687 1200 732 virili,
1234 688 1463 731 ventriculo,
1500 689 1685 726 intestinis.

297 744 406 789 ch,
455 745 478 782 si
508 758 638 785 nervus
670 746 763 785 solus
800 746 932 789 sentit,
988 747 1079 785 adeo
1126 748 1206 786 sunt
1249 746 1448 801 simplicia,
1499 755 1539 786 ut
1577 747 1674 786 nulla
1709 750 1840 794 egeant

238 804 557 843 demonstratione.

893 914 922 959 §—
955 913 1006 954 ΙΙ.
1077 916 1183 956 Cutis,

299 1022 379 1062 Alio
409 1030 531 1062 tamen
562 1023 661 1062 sensu
692 1023 801 1063 taetus
833 1023 1101 1076 sumitur(h),
1131 1024 1278 1075 quando
1313 1023 1357 1063 de
1389 1021 1559 1063 industria
1586 1026 1750 1076 corporis
1774 1025 1841 1063 ob-

240 1082 300 1120 liti
339 1096 394 1120 eas
429 1082 615 1122 facultates
648 1084 817 1121 volumus
844 1085 1059 1132 explorare,
1113 1098 1198 1133 quas
1233 1085 1348 1122 modo
1387 1084 1669 1122 nominavimus.
1733 1084 1841 1123 Tunc

238 1144 335 1179 enim
368 1142 436 1179 sola
467 1149 549 1180 cute
578 1145 737 1184 utimur,
771 1144 807 1179 ὃ(
838 1143 986 1190 quidem
1020 1143 1243 1191 potissimum
1274 1144 1396 1191 digitis
1434 1155 1609 1181 manuum
1642 1146 1837 1186 extremis,

237 1201 298 1238 etfi
328 1203 364 1238 in
391 1202 556 1250 pedibus,
582 1201 604 1237 fi
634 1201 782 1249 perinde
811 1202 901 1238 nudi
927 1200 1055 1244 essent,
1094 1203 1130 1239 ὃς
1155 1202 1283 1240 molles
1300 1203 1532 1244 servarentur,
1562 1202 1679 1240 nihilo
1699 1202 1841 1252 segnius

238 1273 419 1309 organum
453 1260 563 1298 taetus
597 1261 654 1297 est.
715 1259 857 1308 Lingua
886 1261 1036 1309 perinde
1068 1262 1111 1298 ad
1138 1262 1262 1298 eadem
1292 1264 1415 1299 omnia
1444 1262 1544 1299 valet.

298 1320 400 1358 Cutis
427 1321 517 1357 adeo
546 1318 699 1358 universi
725 1321 887 1369 corporis
908 1320 1058 1358 humani
1089 1320 1323 1359 involucrum
1362 1321 1434 1364 est,
1484 1319 1587 1370 quod
1613 1321 1687 1357 aeri
1725 1333 1844 1370 oppo-

238 1380 346 1417 nitur⁶
397 1379 531 1417 Iterum
558 1391 644 1416 vero
671 1381 708 1416 in
742 1391 787 1416 eo
820 1387 1039 1427 tegumento
1063 1381 1264 1418 accuratius
1297 1382 1388 1418 cutis
1431 1381 1568 1417 nomine
1613 1381 1712 1417 veni-t
1751 1382 1843 1418 inte-

237 1442 310 1477 rius
333 1440 420 1486 ejus
443 1440 647 1487 tegumenti
669 1438 943 1477 fundamentum
958 1467 967 1482 ,
998 1439 1147 1477 densum
1166 1468 1176 1483 ,
1213 1440 1381 1488 stipatum
1399 1467 1408 1483 ,
1447 1439 1686 1489 solidumque.

298 1498 472 1547 Undique
521 1499 786 1536 extremitatem
832 1500 995 1548 corporis
1035 1498 1195 1537 diximus
1220 1507 1351 1547 tegere.
1406 1497 1564 1537 Videtur
1596 1498 1770 1547 perforari
1805 1500 1843 1538 in

237 1558 373 1600 oculis,
409 1557 578 1600 auribus,
618 1558 780 1599 naribus,
812 1570 893 1601 ore,
928 1558 1130 1601 umbilico,
1156 1558 1374 1606 genitalibus
1404 1558 1588 1606 partibus,
1624 1569 1705 1595 ano.
1755 1557 1844 1596 Satis

240 1630 327 1656 vero
348 1629 446 1655 nunc
463 1625 590 1655 notum
606 1617 678 1659 est,
714 1629 790 1654 non
814 1617 964 1655 rescindi
985 1619 1022 1655 in
1039 1619 1102 1660 iis,
1131 1630 1210 1668 quae
1233 1617 1319 1660 dixi,
1346 1617 1458 1660 locis,
1487 1617 1543 1654 secl
1559 1617 1751 1654 introrsum
1771 1617 1843 1665 (i)

240 1677 386 1714 traciam
409 1705 418 1718 ‚
454 1677 700 1725 paulatimque
729 1684 928 1720 mutatam,
964 1678 999 1714 &
1031 1679 1172 1715 narium
1203 1688 1368 1719 caveam,
1407 1677 1443 1713 &
1470 1677 1566 1719 oris,
1596 1677 1632 1714 ὃς
1660 1677 1776 1715 vulvae
1807 1678 1844 1715 &

239 1737 393 1774 extremi
412 1736 588 1778 intestini,
619 1736 797 1778 oblinire,
832 1737 942 1786 inque
976 1744 1095 1775 meatu
1129 1736 1313 1775 auditorio
1340 1737 1504 1784 tympani
1520 1737 1738 1773 membranae
1755 1747 1845 1786 prae-

240 1796 364 1839 tendi,
411 1794 447 1832 in
480 1795 595 1833 oculis
627 1795 782 1844 denique
810 1797 1023 1834 continuam
1054 1808 1139 1833 cum
1175 1805 1257 1835 cute
1286 1795 1466 1845 palpebrae
1502 1795 1760 1839 conjunfflvam
1787 1803 1844 1834 tu-

240 1856 358 1893 nicam
392 1861 474 1900 ante
502 1854 725 1893 scleroticam
764 1853 991 1893 descendere.
1075 1853 1316 1893 Observatum
1364 1853 1412 1891 est
1456 1855 1493 1891 in
1521 1855 1657 1891 cibario
1679 1854 1843 1905 systema-

240 1920 275 1952 te
309 1927 354 1952 eo
398 1913 620 1952 obtufiorem
638 1912 774 1952 sensum
807 1913 895 1957 effe,
930 1926 1005 1964 quo
1036 1913 1182 1963 longius
1211 1927 1230 1953 a
1252 1915 1376 1963 lingua
1406 1913 1541 1951 recedit
1571 1913 1687 1963 (ίῆ),

1694 1971 1839 2012 Fabrica

282 2078 343 2115 (e)
366 2077 455 2117 Super
478 2077 635 2117 condylum
660 2078 806 2109 internum
832 2077 963 2116 humeri,
1007 2077 1191 2111 SAuvAGrs
1224 2076 1283 2109 diff.
1322 2076 1365 2111 sur
1392 2078 1504 2111 l'ac'lion
1541 2079 1587 2109 des
1614 2078 1714 2109 medec.
1747 2088 1774 2118 p.
1795 2087 1841 2115 14.

240 2120 311 2152 Mea
329 2128 425 2151 tamen
438 2121 512 2150 cutis
528 2120 554 2149 ἃ
573 2129 606 2149 eo
622 2120 686 2150 loco
701 2119 793 2150 sentit.

316 2287 355 2318 J)
391 2283 563 2313 Contactuin
589 2290 677 2312 vocat
704 2281 744 2312 Cl.
771 2282 889 2313 From
916 2285 950 2313 de
966 2280 1060 2323 sapor.
1091 2291 1118 2314 n.
1143 2289 1169 2318 3.

331 2326 342 2358 )
366 2325 426 2354 Suis
445 2324 514 2353 locis
531 2325 692 2353 accuratius
707 2324 827 2353 dicetur.
878 2324 962 2356 Conf.
989 2326 1186 2357 Mommsen.
1221 2323 1287 2354 adv.
1304 2322 1342 2355 11.
1371 2334 1398 2356 n.
1422 2327 1448 2355 6.

304 2365 349 2404 θ)
376 2365 551 2396 HARTLEY
568 2362 690 2402 ofman.
716 2373 742 2403 p.
768 2374 825 2402 ¹5¹·
