2003 2764
406 107 1162 151 SECT.III.SENSUS
1224 105 1420 148 IPSE.
1617 118 1697 154 177

101 207 187 246 dine
221 207 324 257 (s),
372 219 466 258 aegre
512 205 640 244 mobili
683 203 856 249 animale,
896 206 932 243 &
972 203 1074 256 quod
1106 202 1238 243 tastum
1279 202 1406 253 praedae
1447 202 1515 242 suae
1549 203 1695 252 pigrum

109 268 292 318 exspestae

169 327 272 366 Num
305 326 388 365 ideo
417 325 553 376 septum
590 324 731 362 narium
771 322 816 360 de
843 323 971 372 organi
1001 321 1108 370 hujus
1149 319 1266 360 sensus
1296 322 1471 370 dignitate
1503 320 1696 359 excludere

113 393 299 436 oporteat,
332 387 368 423 &
387 385 526 423 lamiuae
565 383 728 422 cribrosae
764 383 890 420 faciem
928 381 1137 420 inferiorem
1163 409 1172 424 ,
1210 382 1245 417 δι
1268 389 1425 420 meatum
1454 382 1592 418 narium
1621 392 1695 416 me-

110 445 212 482 dium
243 446 278 482 ἃ
311 444 504 488 infimum,
559 443 594 480 δε
620 442 712 481 finus
751 442 930 492 reliquos,
972 441 1017 478 de
1050 453 1088 478 ea
1116 440 1264 490 quidem
1302 440 1498 489 quaestione
1532 451 1608 476 non
1646 439 1694 475 fa-

110 503 177 540 cile
204 503 310 541 fuerit
334 504 490 542 definire.
541 502 687 552 Ubique
718 501 843 539 eadem
871 501 1079 538 membrana
1113 499 1184 541 est,
1210 498 1350 535 fabrica:
1369 499 1532 546 ejusdem
1550 527 1559 540 ‚
1591 500 1693 535 nervi

109 562 292 600 numerosi
321 564 455 612 ubique
474 591 483 604 ‚
519 562 554 598 δε
592 563 627 597 in
649 561 749 609 septo
773 559 919 609 quidem
949 560 1088 598 narium
1121 569 1166 595 ex
1198 557 1328 595 eodem
1356 560 1475 606 primo
1503 569 1584 608 pare
1606 559 1688 603 (t),

109 623 168 659 cui
194 621 245 659 Cl.
284 623 337 658 vir
367 620 591 670 peculiariter
625 619 792 657 olfacium
810 619 944 657 tribuit.
1007 618 1076 655 Sed
1101 618 1207 655 etiam
1236 616 1329 653 smus
1357 617 1526 665 pituitarii
1561 616 1692 664 gradu-

108 680 175 718 bus
206 681 387 718 continuis
417 691 501 718 curn
527 678 663 717 cellulis
682 677 896 716 ethmoideis
917 676 1120 715 cohaerent:
1162 677 1199 712 in
1228 676 1380 724 quibus,
1411 683 1448 713 ut
1479 674 1558 712 offis
1589 674 1693 723 spon.

109 738 200 787 giofi
227 740 384 788 partibus
401 767 411 782 ,
445 738 614 776 officium
639 749 715 775 nou
742 738 900 774 exerceri
926 736 1057 774 durum
1093 735 1235 773 videtur
1265 734 1370 772 dir-Qu.
1424 734 1594 783 Denique
1613 734 1693 772 nul-

108 797 179 835 lam
204 798 242 834 in
285 798 354 848 ipsa
380 798 511 836 fabrica
538 796 675 835 causam
724 797 892 846 reperio,
939 807 1002 834 cur
1020 796 1068 832 cis
1101 803 1241 832 certum
1272 793 1425 831 limitem
1456 793 1603 832 olfaetus
1632 804 1693 830 ex-

108 863 292 900 erceatur,
325 865 421 895 trans
441 856 598 895 eundem
623 868 701 895 non
733 857 790 893 ita.
1116 861 1118 863 '

165 915 208 953 Id
233 916 335 954 facile
366 916 553 962 dederim3
588 916 663 954 dari
690 915 771 954 alias
794 915 934 954 narium
965 920 1081 963 partes
1114 912 1188 951 aliis
1215 912 1330 960 magis
1363 911 1581 961 sentiente53
1614 914 1695 963 plu-·'

105 976 239 1013 timum
259 975 396 1014 sensum
430 975 498 1014 effe
522 978 560 1013 in
589 977 657 1018 iis,
701 986 780 1024 quae
816 975 1036 1016 anteriores,
1073 971 1290 1022 superiores,
1344 971 1503 1010 odoratis
1540 974 1691 1011 effluviis

105 1035 255 1083 propius
282 1042 544 1085 exponuntur3
580 1047 659 1084 quae
695 1045 892 1071 nervorum
925 1044 1044 1070 ramos
1075 1031 1207 1070 habent
1239 1031 1458 1081 uberiores(
1479 1044 1502 1068 u
1522 1033 1564 1079 >3
1613 1044 1692 1082 quae

106 1094 255 1142 propius
286 1096 420 1132 truncis
445 1105 575 1145 nervos
610 1094 816 1144 accipiunt3
847 1104 925 1140 quae
960 1089 1158 1133 nudiores,
1191 1090 1399 1133 moiiiores.
1441 1091 1688 1129 &tenuiores‚

105 1150 332 1189 Debiliorem
360 1153 528 1191 olfactum
561 1152 773 1189 crediderim
811 1150 877 1188 effe
900 1152 938 1187 in
974 1151 1116 1187 narium
1145 1150 1286 1198 paribus
1320 1149 1602 1197 posterioribus,
1636 1150 1691 1187 in„

105 1209 296 1249 ferioribus
312 1239 321 1254 ,
360 1211 436 1250 sinu
457 1210 677 1257 frontali(x
701 1211 740 1255 )‚
777 1208 854 1246 sinu
887 1209 1063 1245 maxillari
1081 1237 1091 1251 ‚
1117 1207 1192 1244 finu
1217 1207 1440 1255 sphenoideo
1460 1236 1468 1250 ,
1503 1210 1634 1257 quibus
1653 1211 1692 1247 iu

104 1271 244 1307 narium
270 1271 428 1318 partibus
453 1271 554 1307 nervi
585 1269 796 1317 pauciores,
823 1268 1008 1309 minores,
1056 1267 1172 1315 magis
1204 1278 1222 1304 a
1254 1267 1392 1303 truncis
1425 1269 1557 1305 remoti
1582 1267 1688 1311 sunt,

105 1328 168 1366 ubi
189 1330 294 1367 etiam
324 1328 455 1380 majori
480 1329 586 1378 copia
615 1328 712 1365 muci
751 1333 934 1376 teguntur.

424 1451 457 1493 ἓ,
492 1446 566 1486 IV.
643 1445 788 1484 Nervus
813 1446 958 1494 proprie
997 1443 1137 1493 olfac'hti
1169 1433 1360 1491 destinatus.

164 1565 325 1604 Primum
348 1576 410 1615 par
439 1577 507 1616 pro
528 1576 643 1604 nervo
668 1564 856 1603 olfactorio
890 1563 1097 1602 admifimus
1113 1562 1170 1613 (y
1187 1564 1217 1611 ).
1286 1562 1343 1600 An
1375 1562 1460 1601 ideo
1492 1563 1688 1602 excluden.

106 1624 172 1663 dus
200 1625 360 1670 Quintus
381 1624 395 1660 ?

164 1683 252 1720 Non
282 1683 448 1726 videtur,
497 1682 567 1721 five
586 1682 724 1732 septum
756 1683 915 1725 narium,
962 1680 1033 1720 five
1064 1680 1207 1720 officula
1248 1681 1428 1719 turbinata
1469 1693 1536 1730 pro
1566 1684 1691 1731 praeciae

103 1744 184 1791 puis
206 1742 353 1780 olfastus
372 1744 516 1791 organis
537 1744 722 1792 acceperis.
769 1741 889 1779 Habet
916 1742 952 1778 δε
983 1741 1120 1789 septum
1138 1768 1148 1783 ,
1183 1741 1218 1776 ἃ
1252 1752 1291 1777 os
1320 1739 1553 1788 spongiosum
1572 1742 1689 1791 quod-

103 1812 273 1849 cunque,
302 1802 353 1838 uti
387 1813 405 1838 a
439 1803 583 1851 primo,
612 1803 658 1838 ita
684 1813 702 1838 a
727 1802 856 1850 quinto
888 1801 967 1838 suos
995 1812 1123 1837 ramos.
1170 1797 1239 1836 Etss
1270 1800 1365 1836 enim
1398 1799 1519 1837 credas
1543 1798 1580 1837 in
1609 1812 1688 1837 ner-

103 1860 154 1897 vis
188 1858 424 1898 diversitatem
457 1859 550 1904 effe,
598 1861 634 1897 δι
660 1861 794 1898 ambrae
825 1860 979 1898 odorem
1006 1871 1025 1897 a
1049 1860 1169 1909 primo
1202 1858 1349 1909 quidem
1381 1857 1569 1908 distingui,
1610 1871 1686 1897 non

1198 1944 1214 1949 s
1588 1930 1688 1967 aeque

142 2070 204 2105 (s)
234 2068 351 2107 Absque
372 2069 485 2100 laminis
506 2066 716 2101 Lossmznm
745 2079 771 2108 p.
789 2075 817 2105 3,

142 2112 222 2185 gy)
242 2121 283 2179 pin
295 2120 364 2180 1{Satis
390 2152 503 2182 naribus
521 2152 601 2181 nervi
625 2152 708 2182 multi
731 2151 946 2181 sommum
968 2149 985 2181 l.
1007 2161 1031 2183 c.

141 2191 213 2228 (x)
241 2191 308 2220 Non
332 2192 459 2222 excludit
483 2193 525 2223 Cl.
546 2193 736 2223 Rosnznss
765 2190 831 2231 they?
847 2194 870 2223 1.
901 2202 929 2224 n.
949 2200 974 2231 ς,

142 2232 216 2270 (y)
241 2233 271 2263 L.
291 2231 328 2262 Χ.
354 2242 383 2270 p.
405 2237 471 2263 206.

159 2333 280 2373 Haller
310 2333 502 2385 Phyliolog.
566 2335 674 2374 Tom.
719 2334 766 2373 V,
1194 2334 1227 2371 Z
