2003 2764
1203 23 1223 39 Ι.

323 141 404 179 542
558 125 1750 174 LIB.XV11.SENSUSINTERN1.

316 233 357 265 tu
383 227 490 265 semel
515 227 551 264 in
587 227 722 267 infante
755 235 860 271 orto,
901 240 1021 279 neque
1057 241 1143 267 euru
1178 235 1326 266 motum
1355 240 1519 279 unquam
1537 229 1816 279 conquievisse,
1837 245 1916 274 non

313 287 432 337 p'otest
461 287 537 326 ullo
559 288 674 326 modo
702 297 824 326 mente
852 291 1012 338 concipi.
1064 289 1252 338 Sintergo
1271 289 1420 338 vestigia
1439 288 1709 335 sensationum,
1747 303 1917 341 quocun-

312 358 385 397 que
412 347 562 389 demum
587 348 703 386 modo
730 350 767 386 in
799 349 952 387 cerebro
982 349 1148 387 haereant.

371 407 504 446 Earum
537 414 661 446 natura
694 408 743 445 est
773 408 982 455 ejusmodi,
1031 415 1071 447 ut
1104 410 1223 446 anima
1263 408 1425 446 volendo
1474 420 1514 447 ea
1556 409 1703 458 vestigia
1744 422 1913 451 revocare

310 467 437 519 possit,
472 467 646 516 quamdiu
678 468 757 506 sunt
787 470 949 516 integra,
999 469 1036 505 &
1069 468 1194 506 valida.
1283 469 1438 516 Signum
1470 468 1556 506 Afiae
1587 469 1636 506 est
1672 471 1709 506 in
1742 471 1782 507 iis
1805 474 1912 519 quin-

309 539 381 575 que
405 527 524 564 literis.
582 526 759 566 Desidero
791 540 930 566 nomm
967 529 1134 566 maximre
1170 529 1278 578 partis
1329 527 1465 566 telluris
1509 529 1665 575 nostram
1714 529 1907 579 obsequio-

308 585 386 624 sum
416 588 569 625 accurrit
585 587 671 626 Aliae
691 600 843 626 nomen.
895 587 998 625 Volo
1022 590 1097 635 ejus
1127 598 1272 638 partes,
1305 587 1458 632 limites,
1495 589 1624 631 maria,
1665 600 1795 637 regna,
1839 591 1907 628 im-

306 648 404 695 peria
431 646 553 684 nosse:
605 646 748 697 possum
780 647 1047 697 imperfeffitam,
1087 647 1147 686 fed
1177 647 1224 686 fic
1259 647 1337 685 satis
1371 655 1490 686 tamen
1530 646 1681 685 similem
1731 647 1892 687 chartam

304 706 588 756 geographicam
618 707 706 746 Afiae
741 707 828 745 mihi
854 708 1122 758 repraesentare,
1161 709 1198 745 &
1237 707 1352 745 facere
1372 736 1381 750 ‚
1420 716 1459 746 ut
1486 719 1610 744 coram
1641 708 1788 750 anima,
1824 710 1893 747 mi-

302 765 342 803 hi
384 767 563 815 explicata
605 767 780 806 videatur.
840 767 891 806 lta
927 768 965 805 in
996 771 1150 806 nomine
1181 765 1347 816 signum,
1387 769 1424 804 in
1454 778 1585 816 mappa
1620 765 1681 804 ista
1714 769 1895 817 imagina-

303 826 354 864 ria
386 825 619 865 sensationem
645 829 815 867 revocavi
843 827 1016 865 volendo.
1085 826 1218 877 Estque
1246 829 1364 864 anima
1403 829 1441 865 in
1467 838 1514 865 eo
1542 838 1652 876 opere
1671 826 1894 878 plerumque

302 885 470 928 conscia.
525 885 559 924 se
591 899 637 924 ex
685 888 862 925 memoria
885 887 952 929 ,sua
987 886 1050 925 has
1082 887 1179 925 ideas
1206 885 1406 930 revocasse,
1446 898 1576 936 easque
1611 886 1702 924 olim
1729 898 1792 936 per
1819 887 1901 925 sen-

300 943 356 983 sus
375 944 546 995 accepisse
563 947 612 996 (y
637 957 674 996 >3
709 947 946 996 plerumque,
990 947 1139 996 inquam
1159 975 1168 989 ‚
1219 958 1302 984 nam
1323 944 1533 987 debilissima
1565 957 1628 994 per
1659 954 1799 984 aetatem
1831 958 1900 985 ve-

297 1004 399 1053 stigia
435 1005 609 1050 redeunt,
651 1008 786 1057 absque
813 1006 1096 1051 recordatione,
1136 1018 1194 1045 eas
1230 1007 1268 1044 in
1309 1008 1486 1044 memoria
1509 1006 1651 1044 dudum
1692 1004 1794 1044 fuisse
1841 1018 1898 1045 re-

297 1064 472 1102 conditas.

357 1124 496 1174 Sponte
528 1126 561 1164 se
587 1127 695 1164 etiam
720 1125 811 1176 saepe
844 1137 967 1164 rerum
996 1125 1144 1175 vestigia
1166 1126 1259 1175 (z)
1304 1124 1528 1167 obtrudunt,
1576 1131 1617 1163 ut
1664 1125 1772 1161 nimis
1822 1125 1894 1164 fre-

295 1194 410 1232 quens
435 1183 497 1227 fir,
538 1186 648 1223 fortes
682 1185 807 1230 ideas,
853 1191 952 1223 certe
990 1186 1116 1236 aliquo
1142 1193 1331 1235 tempo-re,
1368 1187 1595 1233 importunas
1629 1196 1696 1221 nos
1716 1184 1890 1234 persequi,

293 1244 496 1294 nostsaeque
521 1246 652 1283 mentis
702 1244 766 1284 fibi
810 1245 1063 1283 adtentionem
1107 1245 1263 1295 poscere.
1359 1244 1495 1282 Amatae
1543 1244 1713 1292 conjugis
1764 1244 1893 1283 <suffla

293 1301 468 1351 idea(a)
503 1305 565 1343 diu
605 1317 690 1342 cum
731 1306 811 1343 miti
853 1305 890 1342 δι
923 1304 1089 1343 humano
1113 1307 1244 1342 marito
1261 1304 1417 1346 habitat,
1447 1315 1607 1353 eumque
1632 1300 1804 1341 omnibus
1823 1304 1890 1342 ho-

292 1362 340 1398 ris
372 1365 581 1411 interpellat.
619 1365 678 1403 Sic
702 1365 833 1413 jastura
862 1377 1090 1415 quaecunque
1109 1393 1119 1408 ,
1155 1372 1195 1403 ut
1220 1365 1399 1402 memoria
1425 1364 1608 1405 incendii,
1651 1363 1688 1400 ὃς
1719 1364 1889 1411 indigna-

291 1422 344 1459 tio
364 1422 511 1471 repulsae
536 1436 621 1462 cum
646 1432 768 1462 mente
800 1423 897 1474 quast
932 1423 1162 1461 consenescit.
1244 1423 1315 1460 Sed
1350 1420 1535 1472 ejusmodi
1573 1421 1692 1465 ideas,
1726 1433 1806 1471 quae
1830 1433 1886 1460 m-

289 1482 368 1519 vito
397 1485 508 1519 etiarn
535 1481 760 1525 redduntur,
789 1489 937 1532 oportet
959 1481 1027 1521 esse
1062 1494 1108 1520 ex
1135 1481 1342 1520 fortissumis,

349 1541 431 1580 Sive
469 1541 617 1592 sponte,
650 1541 719 1580 five
746 1553 790 1580 ex
819 1543 948 1580 animae
980 1540 1171 1581 voluntate
1206 1542 1353 1590 vestigia
1384 1541 1423 1577 in
1455 1541 1635 1578 memoria
1671 1540 1803 1577 animae
1830 1551 1885 1579 re-

286 1601 564 1651 praesentantur,
604 1600 737 1641 dicitur
763 1603 956 1644 memoria,
988 1602 1138 1652 quando
1168 1600 1265 1650 ligna
1290 1606 1510 1638 revocantur
1530 1628 1541 1643 ,
1574 1601 1611 1637 ὃς
1643 1599 1874 1651 imaginatio,

285 1660 436 1711 quando
455 1662 535 1710 ipsae
556 1662 767 1700 sensationes
784 1668 1017 1700 renovantur.
1074 1661 1255 1711 Separatae
1284 1660 1364 1699 sunt
1393 1660 1449 1698 hae
1472 1658 1679 1698 facultates:
1720 1670 1806 1697 nam
1819 1659 1880 1697 alii

284 1720 452 1759 homines
468 1722 654 1771 fignorum
668 1723 847 1760 memoria
867 1721 1008 1772 pollent
1025 1751 1035 1766 ,
1064 1723 1266 1772 miramque
1285 1718 1467 1770 poffident
1489 1720 1685 1757 nominum
1704 1725 1873 1768 repeten-

281 1780 416 1820 dorum
444 1782 672 1821 facultatem:
709 1781 768 1820 alii
784 1782 1048 1830 imaginatione
1073 1781 1194 1819 vivida
1207 1778 1404 1822 excellunt,
1425 1786 1466 1817 ut
1480 1777 1694 1817 sensationes
1716 1778 1868 1816 vetustas

281 1852 375 1890 pene
402 1854 503 1892 aeque
532 1842 688 1880 valentes
716 1840 780 1879 fibi
814 1839 1095 1890 repraesentent,
1132 1852 1174 1879 ac
1202 1839 1353 1890 quidem
1377 1838 1554 1880 fuerunt,
1589 1848 1674 1875 cum
1704 1837 1868 1885 primum

281 1900 438 1939 sensorio
468 1913 608 1950 organo
647 1901 680 1939 se
707 1901 891 1939 offerrent⁰
944 1900 1039 1939 Illud
1070 1899 1232 1938 eruditos
1261 1901 1359 1938 viros
1385 1897 1488 1940 facit,
1524 1896 1597 1934 hoc
1630 1901 1757 1945 poetas
1776 1893 1869 1947 (b).

279 1959 338 1998 Est
370 1968 487 2001 autem
520 1961 707 2010 signorum
742 1959 1006 2010 repraesentatio
1038 1959 1221 2002 debilior,
1266 1959 1302 1997 &
1340 1958 1492 1997 minoris
1522 1954 1687 1994 efficaciae
1707 1982 1718 1998 ,
1758 1966 1868 2005 quam

278 2021 480 2069 imaginum
500 2022 548 2068 (c
564 2025 590 2068 ).
623 2019 665 2058 Et
679 2020 964 2069 repraesentatio,
992 2031 1073 2070 quae
1089 2019 1129 2057 fit
1147 2031 1167 2057 a
1184 2019 1372 2060 memoria,
1405 2015 1559 2054 debilior
1577 2015 1626 2054 est
1642 2015 1680 2052 in
1697 2013 1784 2052 sano
1797 2014 1866 2052 ho-

276 2080 386 2124 mine,
406 2093 514 2131 quam
528 2080 686 2123 sensatio,
711 2092 790 2130 quae
807 2091 906 2119 nunc
923 2092 942 2120 a
957 2091 1116 2130 corpore
1127 2078 1246 2118 sensus
1257 2077 1404 2117 nostros
1423 2075 1576 2116 feriente
1595 2076 1775 2173 excitaui?
1789 2071 1863 2171 ((11)ιὶΞ

1769 2138 1828 2172 ote

333 2256 357 2284 ,9

342 2297 358 2316 2
377 2319 380 2323 ,

375 2245 576 2279 >Bonum-
606 2256 632 2283 p.
650 2247 700 2277 60.
719 2247 770 2285 63.

345 2287 423 2364 αξξ

428 2297 487 2357 dreaflz
497 2291 719 2358 Mtrfduzmliaefit
745 2328 838 2358 invito
859 2329 893 2360 G.
905 2339 932 2359 v.
948 2327 1004 2359 Sw
1018 2335 1028 2357 r
1040 2337 1055 2357 ι
1068 2336 1089 2357 τ
1106 2336 1122 2357 ι
1136 2336 1160 2357 tr
1192 2325 1227 2358 T.
1244 2324 1278 2357 11.
1304 2336 1331 2363 p.
1351 2333 1420 2362 33⁴·

404 2368 530 2406 Utraque
552 2371 601 2407 qui
627 2370 740 2400 valebat
763 2370 878 2401 rusticus
901 2369 1036 2401 Gentlem.
1053 2368 1177 2407 Magaz.
1201 2365 1441 2408 1751.m.Febr.

404 2409 488 2439 Con
505 2420 668 2441 υιιιΛε
693 2407 884 2450 ciesfinsstl.
910 2420 999 2450 p.55.

403 2449 525 2482 Bous
541 2460 587 2483 nr
611 2461 640 2491 p.
658 2461 706 2491 57.
727 2459 796 2491 504.
