2003 2764
741 150 987 197 [443ss

495 337 980 378 SECTIO
1083 337 1218 376 III.

282 455 513 497 LUX
604 456 729 496 ET
820 454 1426 497 COLORES.

803 580 835 623 §.
882 576 909 614 Ι.

182 695 319 736 Antum
350 699 497 745 oportet
530 693 576 733 de
613 691 767 744 physicis
811 691 1024 742 decerpere,
1079 698 1255 742 quantum
1300 692 1366 730 erit
1394 690 1438 730 ad
1477 689 1653 728 visionem

203 755 507 806 interpretandam
536 752 681 791 necesse.
729 751 950 791 Brevitatem
981 754 1162 801 imperat,
1199 752 1235 790 &
1264 751 1399 800 longus
1425 749 1587 799 alioquin
1604 749 1652 786 la-

66 814 156 856 bor,
195 817 231 853 &
267 813 368 865 quod
398 814 547 862 propria
581 812 642 851 hic
670 814 819 851 inventa
865 810 963 850 nulla
996 812 1208 862 promittam
1230 838 1240 854 ,
1282 811 1321 848 id
1352 818 1566 853 curaturus,
1584 835 1593 843 x
1611 814 1651 846 ut

62 873 183 914 bonos
206 874 330 926 sequar
358 873 529 914 auct-ores„

708 996 742 1040 ᾗ.
780 990 838 1032 11.
904 991 994 1031 Lux.

122 1112 373 1152 Pulcherrima
395 1123 516 1150 rerum
549 1112 597 1150 ita
625 1111 669 1149 ad
697 1123 851 1163 corpora
878 1113 1054 1160 pertinet,
1100 1119 1140 1152 ut
1167 1108 1450 1163 quodammodo
1471 1106 1562 1158 (u)
1603 1105 1649 1146 ad

61 1176 228 1210 naturam
261 1174 422 1210 materiei
448 1181 633 1222 expertem
658 1175 812 1221 propius
834 1171 989 1210 accedat.
1041 1172 1158 1210 Tanta
1172 1183 1306 1220 nempe
1325 1171 1375 1208 est
1387 1170 1543 1208 tenuitas
1559 1195 1569 1209 ‚
1607 1173 1648 1205 ut

61 1243 127 1281 per
156 1244 239 1270 acus
272 1232 430 1270 ocellum
455 1228 562 1282 poffis
595 1232 802 1269 inmensum
828 1230 920 1269 illud
946 1230 1050 1271 DEI
1082 1226 1440 1271 INCOGNlTI
1468 1226 1650 1276 tempium

59 1291 255 1329 dimidium
286 1291 489 1341 adspicere3
523 1292 561 1329 δι
606 1291 707 1337 radii
729 1303 748 1329 a
782 1297 840 1329 tot
873 1289 1044 1341 solibus(
1066 1304 1093 1329 x
1122 1291 1173 1339 )‚
1206 1290 1252 1329 ad
1286 1289 1491 1328 distantiam
1536 1285 1646 1325 nullis

63 1351 323 1401 exponendam
370 1352 529 1389 numeris
597 1352 769 1393 remotis,
818 1350 911 1387 adeo
957 1350 1097 1389 infinite
1136 1362 1232 1402 pene
1278 1349 1418 1397 magnis
1435 1375 1446 1392 ,
1512 1347 1551 1384 in
1587 1356 1648 1383 or-

57 1409 142 1448 bem
162 1411 404 1453 advenientes,
435 1411 570 1460 absque
588 1409 664 1448 ullo
682 1409 925 1449 incommodo
943 1437 954 1454 ‚
985 1417 1046 1449 aut
1065 1408 1280 1449 confusione
1303 1408 1375 1447 ulla
1390 1436 1400 1452 ,
1432 1405 1564 1456 possint
1585 1415 1650 1454 per

62 1469 270 1513 tantillum,
312 1470 452 1507 decima
472 1477 574 1521 parte
605 1469 707 1507 lineae
737 1481 815 1507 non
836 1469 969 1517 majus,
1012 1469 1178 1509 foramen
1205 1467 1361 1508 transire.
1424 1466 1526 1516 Saepe
1542 1466 1652 1503 etiam

62 1539 103 1565 ea
133 1528 346 1572 meditatus,
380 1539 460 1577 quae
496 1529 588 1567 fiunt
612 1530 651 1566 in
687 1529 872 1572 videndo,
920 1528 1070 1568 timidus
1115 1530 1267 1580 utique,
1326 1535 1447 1566 tamen
1490 1526 1552 1563 vix
1589 1533 1649 1562 me

57 1588 164 1636 potui
180 1589 388 1629 continere,
436 1589 525 1638 quin
550 1589 728 1637 penetrari
753 1601 772 1626 a
792 1589 874 1626 luce
898 1587 1020 1626 lucem
1042 1588 1282 1627 admitterem.
1328 1587 1434 1629 Sint,
1479 1596 1564 1622 nam
1596 1595 1651 1621 res

60 1646 154 1684 adeo
183 1645 334 1695 simplex
367 1647 441 1690 est,
480 1655 520 1685 ut
547 1648 682 1697 absque
709 1647 1019 1685 demonstratione
1037 1659 1115 1685 eam
1145 1647 1209 1685 sibi
1235 1646 1373 1685 sumere
1398 1645 1529 1686 liceat,
1567 1643 1646 1686 sint,

58 1706 220 1755 inquam,
243 1707 279 1742 in
293 1705 456 1743 conclavi
471 1706 568 1744 mille
580 1706 721 1756 specula
737 1735 747 1750 ‚
780 1708 817 1743 in
833 1718 961 1745 eorum
982 1706 1211 1756 speculorum
1233 1704 1416 1755 superficie
1451 1704 1651 1753 pingenrut

61 1765 198 1811 objecti
219 1765 402 1815 obposita,
438 1765 629 1804 alia&alia
647 1795 657 1809 ‚
693 1773 733 1804 ut
761 1765 890 1805 oculus
914 1767 951 1803 in
981 1765 1166 1815 speculum
1208 1764 1429 1814 inspicientis
1459 1762 1563 1800 aliter
1581 1762 1649 1799 erit

58 1824 255 1874 dispositus.
310 1823 358 1862 Ea
389 1824 528 1871 objecta
543 1825 586 1862 ad
603 1825 751 1864 oculum
769 1826 987 1875 perveniunt
1002 1824 1237 1875 pyramidum
1260 1824 1387 1874 specie,
1407 1833 1560 1870 quarum
1572 1831 1651 1857 ver-

57 1890 122 1922 tex
136 1884 186 1921 est
197 1895 327 1922 cornea
344 1883 544 1934 spectatoris
563 1886 683 1923 tunica
701 1913 711 1928 ,
755 1893 831 1922 tota
848 1884 1049 1935 superficies
1061 1883 1196 1933 speculi
1213 1896 1280 1934 pro
1297 1882 1376 1921 basi.
1408 1881 1631 1929 Ubicunque

57 1955 180 1985 nunc,
226 1944 263 1980 &
295 1945 331 1981 in
358 1945 530 1982 omnibus
546 1947 677 1982 atomis
710 1944 914 1988 conclavis,
955 1943 1084 1982 oculos
1117 1955 1231 1993 ponas
1256 1972 1267 1987 ‚
1300 1942 1477 1982 videbunt
1506 1939 1654 1983 omnesj

61 2003 99 2040 ἃ,
129 2003 308 2050 accipient
328 2003 425 2040 suam
453 2015 604 2053 quaeque
631 2004 881 2054 pyramidem,
917 2015 1026 2053 quam
1058 2001 1195 2040 necesse
1228 2003 1278 2040 est
1324 2013 1389 2054 per
1426 2011 1544 2038 aerem
1583 1999 1651 2036 iter

60 2061 163 2099 suum
204 2061 248 2098 ad
283 2062 432 2099 oculum
464 2062 658 2101 absolvere.
738 2063 850 2101 Nunc
885 2072 934 2100 eae
965 2063 1169 2112 pyramides
1201 2062 1301 2099 mille
1330 2060 1502 2110 milleque
1530 2058 1651 2095 modis

58 2119 95 2158 se
122 2121 393 2171 penetrabunt,
423 2129 462 2160 ut
502 2123 645 2162 nullum
661 2122 768 2172 possit
787 2125 822 2160 in
851 2121 1019 2160 conclavi
1047 2121 1222 2171 puntium
1240 2121 1413 2171 cogitari,
1447 2130 1509 2170 per
1541 2116 1646 2167 quod

839 2180 873 2220 K
905 2180 930 2219 k
963 2180 989 2218 k
1052 2191 1075 2219 2
1501 2186 1649 2215 centum

99 2300 113 2337 (
130 2301 172 2336 u)
184 2300 322 2339 Spiritum
337 2299 403 2334 esse,
417 2300 717 2340 &fimiiucorporeum
731 2305 771 2333 dn
781 2304 803 2335 C
817 2315 831 2333 ι.
844 2315 860 2334 ο
873 2315 885 2335 s
897 2303 1017 2342 princip.
1033 2304 1190 2334 desmixres
1202 2313 1228 2342 p.
1250 2310 1296 2341 37-
1313 2306 1339 2336 δι
1355 2315 1445 2341 nuper
1463 2305 1494 2336 D.
1511 2302 1548 2333 du
1562 2307 1649 2337 CHA-e

60 2351 178 2373 Tener.
212 2343 323 2376 Cornus
345 2353 403 2373 non
417 2344 489 2379 effe,
521 2355 615 2382 neque
634 2355 665 2374 ea
691 2347 800 2375 ratione
820 2346 941 2376 diffundi
968 2346 1090 2375 fuam.
1117 2343 1216 2383 curios?
1234 2345 1305 2373 med.
1323 2344 1400 2384 phys
1422 2357 1439 2383 p
1470 2350 1512 2375 16*

101 2386 176 2428 (x)
216 2383 247 2429 Μ
263 2394 280 2413 υ
300 2393 335 2413 ss
350 2395 367 2413 c
382 2395 400 2414 H
416 2397 429 2414 κ
445 2395 462 2413 Ν
479 2396 492 2413 s
508 2395 523 2414 a
538 2396 554 2414 0
568 2396 581 2415 F.
596 2396 611 2415 c
626 2396 645 2415 ν(
681 2397 706 2423 Γ.
724 2388 790 2420 460.
835 2387 868 2417 ln
889 2396 927 2417 es>
957 2396 1039 2416 exem
1057 2387 1092 2416 '10
1122 2387 1214 2416 radios
1243 2386 1385 2418 ostrnriit,
1419 2390 1563 2417 tenuiores
1595 2384 1650 2417 eise

60 2423 186 2462 capilio,
215 2434 243 2454 in
263 2426 375 2457 ratione
394 2436 418 2457 ι·
433 2426 467 2457 ad
486 2434 509 2464 ς,
525 2437 595 2459 000.
627 2438 693 2457 νου.
724 2438 793 2459 eoo.
822 2437 893 2460 oca.
911 2438 972 2459 000
993 2449 1001 2465 2
1033 2427 1091 2458 sive
1116 2429 1151 2457 ad
1168 2436 1257 2465 5000.
1286 2427 1425 2458 exilientes
