2003 2764
526 37 550 47 ν

457 111 714 155 SECT.I.
791 108 1444 151 INTELLECTUS.
1638 116 1713 158 563

1091 180 1109 196 θ

66 260 77 266 ν
123 209 331 254 nientemur
358 220 404 251 ex
439 211 583 260 paucis,
614 220 694 259 quae
718 207 824 246 nobis
851 207 1116 249 innotuerunt,
1167 205 1213 243 ad
1258 216 1398 243 omnes,
1461 205 1550 243 Haec
1595 205 1715 257 hypo.

122 274 276 314 thesium
294 273 343 313 est
356 270 514 313 fallacia,
543 269 688 319 quoties
708 268 749 305 in
767 266 964 316 complexa
982 267 1136 303 notione
1163 265 1280 314 aliqua
1315 276 1400 304 cum
1438 276 1477 302 re
1520 264 1592 314 ipsa
1623 277 1713 304 con-

123 333 303 375 veniunt,
347 329 505 379 indeque
543 328 716 366 sumimus
753 326 890 375 gratis,
929 327 965 363 δε
1011 325 1145 374 reliqua
1182 326 1392 361 convenire.
1441 323 1711 369 voluntarius,

121 399 162 431 ut
189 392 352 441 adparet,
397 389 447 427 est
471 400 597 430 error,
636 395 738 424 natus
774 386 860 422 hinc
895 397 914 422 a
945 385 1110 433 pigritia,
1143 395 1222 432 quae
1253 383 1418 421 laborem
1446 382 1583 421 recusat
1605 383 1709 421 susti-

119 462 231 493 nere,
269 452 331 500 qui
364 449 413 486 est
446 450 484 485 in
510 444 801 496 repraesentandis
830 443 894 481 fibi
913 444 1086 481 omnibus
1115 442 1204 479 ideis
1225 442 1467 490 peculiaribus
1481 442 1712 491 complexam

119 511 313 548 notionem
345 507 659 556 ingredientib'1s;
698 504 783 542 inde
818 516 836 541 a
866 505 1042 545 vanitate,
1077 514 1156 552 quae
1185 501 1263 539 vult
1291 501 1462 545 definire,
1499 503 1535 539 &
1567 502 1709 545 docere,

121 568 182 607 effi
207 581 284 607 non
308 568 443 606 didicit.

186 628 228 666 In
256 628 362 666 rebus
396 625 526 665 nostris
560 623 818 676 physiologicis
860 633 960 660 error
984 621 1057 659 fere
1095 620 1144 658 est
1175 621 1211 657 in
1250 610 1412 659 adsumta
1455 619 1571 670 aliqua
1614 628 1712 671 parte

119 687 280 729 fabricae,
311 694 496 735 tamquam
524 692 610 723 nota
647 685 684 721 &
718 689 838 724 certa,
876 693 955 731 quae
1001 692 1119 730 neque
1186 686 1273 718 nota
1313 680 1388 722 est,
1439 691 1557 729 neque
1592 688 1708 718 certa:

118 746 206 784 hinc
234 745 374 795 legibus
397 743 635 785 mechanicis,
676 740 894 790 hydraulicis
923 740 1044 778 aliisve
1079 738 1267 787 adplicatis
1302 740 1340 775 in
1368 738 1588 787 explicando
1613 740 1712 790 phae-

116 817 309 848 nomeno,
361 804 506 842 veris&
533 804 638 840 certis
656 829 667 844 ‚
707 800 1017 850 fiphaenomenon
1038 800 1085 836 ita
1114 797 1146 836 se
1180 797 1339 835 haberer.
1405 796 1581 847 Exempla
1610 798 1712 836 dedi-

117 876 200 903 mus
229 864 274 902 de
309 871 415 903 motu
441 861 562 900 cordis
580 891 590 905 ,
625 860 670 898 de
692 858 942 898 musculorum
969 865 1085 896 motu.

180 922 350 961 Inmensa
381 923 433 959 vis
485 931 651 959 errorum
678 919 764 957 hinc
800 920 908 956 etiam
953 918 992 954 in
1028 917 1247 954 medicinam
1283 916 1320 953 &
1354 914 1624 965 physiologiam
1655 917 1711 954 in-

115 982 264 1026 cubuit,
299 981 402 1032 quod
439 979 680 1030 phaenomena
716 977 824 1016 semel
864 976 955 1019 visa,
1018 976 1137 1015 habita
1184 975 1264 1014 sunt
1293 986 1361 1024 pro
1387 978 1581 1024 perpetuis,
1656 975 1710 1014 Ita

117 1049 269 1091 negatus
303 1042 354 1080 est
388 1047 512 1078 motus
543 1038 797 1077 intestinorum
825 1035 1089 1085 peristalticus,
1135 1036 1184 1072 ita
1218 1041 1340 1072 motus
1379 1035 1517 1071 cerebri
1552 1047 1571 1072 a
1603 1033 1710 1084 respi-

118 1103 262 1140 ratione
302 1099 460 1139 crescens
477 1086 690 1144 refutatur3
737 1109 757 1134 a
799 1097 882 1134 viris
916 1106 1106 1144 nunquam
1138 1093 1197 1131 vel
1231 1094 1426 1131 minimum
1446 1094 1600 1131 moturis
1641 1094 1707 1132 du-

116 1161 241 1203 bium,
301 1159 327 1198 fi
355 1156 538 1214 placuisset
565 1156 646 1209 ipsis
682 1156 771 1207 sepe
810 1155 846 1193 Sc
894 1156 1022 1193 iterato
1059 1160 1258 1202 utrumque
1299 1151 1574 1202 phaenomenon
1619 1163 1709 1191 con

117 1219 292 1270 templati.

175 1278 275 1317 Alter
306 1278 389 1317 fons
415 1288 580 1316 errorum
612 1274 761 1326 perinde
797 1273 1023 1313 voluntarius
1062 1272 1112 1311 est
1145 1271 1363 1310 auuoritatis
1387 1272 1520 1320 gratia,
1580 1271 1706 1310 minus

116 1337 241 1387 longe,
264 1349 374 1387 quam
407 1337 496 1375 olim
514 1336 582 1376 late
605 1335 798 1374 domInans
816 1363 826 1377 ,
869 1345 988 1383 neque
1015 1340 1136 1370 tamen
1172 1338 1251 1368 tota
1269 1330 1441 1369 obsoleta.
1539 1328 1602 1368 Bo
1617 1342 1636 1367 P,
1655 1343 1677 1367 R
1693 1354 1708 1363 .

117 1408 372 1440 HAAvrus,
404 1407 513 1446 quem
543 1407 663 1437 amm,
695 1394 772 1431 haec
802 1393 911 1430 dicit:
950 1404 1040 1440 ergo
1070 1403 1150 1428 vera
1180 1390 1272 1428 sunt.
1340 1388 1449 1427 Redire
1482 1388 1566 1426 facis
1600 1389 1702 1438 quod

117 1469 240 1499 amas,
275 1455 395 1494 nullus
420 1464 582 1504 unquam
618 1453 786 1503 magister
811 1453 925 1500 magis
961 1451 1094 1489 meruit
1139 1449 1207 1487 suis
1248 1448 1431 1498 discipulis
1474 1460 1574 1486 carus
1607 1447 1701 1486 effe:

117 1514 188 1557 Sed
220 1513 337 1552 homo
367 1514 460 1556 fuit,
486 1525 605 1562 neque
634 1523 783 1550 aureum
812 1512 887 1558 ejus
915 1522 957 1547 os
984 1510 1034 1547 est
1070 1508 1320 1547 audiendum:
1355 1519 1482 1548 verum
1509 1506 1624 1545 solum
1644 1507 1706 1545 ad·

116 1573 255 1612 sensum
280 1573 444 1611 nostrum
480 1572 603 1620 poscit.
669 1569 787 1608 Odisti
814 1569 1123 1613 Srmrrrum,
1180 1578 1298 1604 acrem
1333 1568 1474 1611 virum,
1511 1578 1631 1615 neque
1651 1567 1705 1604 di-

115 1633 238 1677 §tione
268 1631 326 1670 sua
364 1631 584 1673 amabilem,
617 1640 736 1678 neque
767 1635 946 1678 perpetuo
981 1634 1172 1664 contemtu
1190 1625 1265 1662 fere
1296 1626 1491 1668 omnium,
1523 1637 1616 1674 quos
1653 1627 1703 1663 ci-

117 1698 188 1734 tat,
224 1692 404 1740 &quibus
436 1690 468 1727 se
497 1702 612 1727 unum
636 1689 802 1740 opponit.
858 1686 901 1725 Et
924 1693 1043 1723 tamen
1069 1686 1092 1724 S
1110 1694 1335 1722 TAHLIUS
1364 1696 1441 1721 non
1468 1695 1549 1721 raro
1573 1695 1701 1723 verum

116 1750 234 1792 dixit,
265 1751 302 1787 δε
333 1750 420 1798 saepe
451 1750 596 1786 utiliter.

174 1809 228 1848 ‘Ita
261 1819 307 1847 ex
337 1807 519 1860 prioribus
545 1819 661 1858 pravae
694 1806 789 1845 seCiae
812 1804 1030 1847 nascuntur,
1050 1804 1101 1841 'Sc
1136 1814 1182 1841 ex
1212 1802 1283 1840 istis
1338 1806 1551 1852 perennant.

677 1929 711 1971 ἓ.
746 1923 788 1964 Χ
803 1923 857 1964 VI
875 1952 883 1961 .
949 1922 1135 1961 Delirium

177 2046 258 2086 Sani
293 2045 367 2083 fere
397 2044 572 2089 fallimur,
602 2045 684 2095 qnia
708 2043 782 2083 falli
811 2042 992 2082 volumus,
1059 2040 1129 2079 Sed
1162 2042 1199 2079 in
1227 2041 1292 2079 alia
1313 2040 1479 2090 corporis
1517 2037 1700 2078 conditio-

117 2118 183 2149 ne,
221 2107 347 2158 utique
377 2105 582 2144 inevitabile
609 2105 658 2143 est
679 2105 716 2142 in
748 2114 888 2141 errores
933 2100 1097 2140 incidere
1148 2102 1348 2143 maximos:
1398 2106 1585 2138 merentur
1611 2109 1696 2136 vero

119 2166 272 2217 breviter
293 2165 436 2214 exponi.
1319 2161 1323 2165 '

906 2279 932 2319 B
964 2281 987 2317 b
1034 2278 1056 2315 b
1088 2279 1112 2315 b
1175 2288 1198 2318 2
1552 2273 1697 2324 Simpli-
