2003 2764
309 142 399 178 344
675 127 1058 168 LIB.XV1.
1145 128 1540 169 VISUS.

359 225 599 275 Triquetrum
637 224 727 275 quid
755 224 872 263 orbita
897 223 1005 263 habet
1035 223 1141 274 (b),
1185 227 1325 276 triaque
1366 225 1472 276 plana
1509 225 1757 275 triangularia:
1791 228 1891 280 supe.

295 286 371 323 rius·
403 284 576 327 frontale,
612 285 762 322 interius
789 284 923 327 nasale,
963 287 1119 323 exterius
1148 285 1361 336 temporale.

356 344 524 382 Frontale
554 344 777 393 triangulum
803 345 954 381 cerebro
998 343 1206 393 subjicitur,
1259 346 1295 383 &
1320 344 1365 384 ad
1396 345 1594 394 posteriora
1631 344 1777 384 modice
1828 359 1884 386 ca.

298 416 385 443 vum
402 433 411 447 ,
441 416 510 453 qua
537 415 620 441 cum
651 403 843 451 temporali
868 405 1070 446 convenit,
1125 403 1404 453 profundiorem
1440 404 1546 442 habet
1563 424 1570 431 ·
1589 404 1882 455 depreffionem,

296 465 334 502 in
364 475 433 513 qua
468 463 640 511 glandula
683 462 885 501 lacrumalis
917 464 1033 510 mijor
1063 462 1200 502 restdet.
1267 464 1309 502 ln
1334 463 1402 500 hac
1430 467 1602 512 portione
1647 467 1755 504 etiam
1781 465 1876 505 fora-

293 534 382 560 men
420 522 469 559 est
498 523 601 560 nervi
625 525 739 571 optici
760 551 770 565 ,
810 523 847 559 in
881 521 953 560 offe
983 521 1182 572 sphenoide
1213 522 1445 575 insculptum.

354 582 451 621 Cum
483 581 673 631 temporali
706 581 888 629 triangulo
899 581 1015 619 sutura
1024 590 1197 632 perpetua
1211 583 1460 631 conjungitur,
1475 581 1511 619 &
1522 581 1565 619 ad
1577 582 1814 631 posteriorem
1832 582 1881 621 se-

294 641 380 679 dem
397 641 440 678 ab
453 653 498 678 eo
519 640 695 690 separatur
707 641 806 680 hiatu
817 641 1026 690 triangulari
1046 642 1212 693 inaequali
1231 667 1242 687 ,
1263 641 1466 680 extrorsum
1483 641 1637 680 caudato
1652 670 1662 684 ,
1693 654 1772 692 quae
1790 644 1885 680 rima

292 700 409 738 lacera
440 700 579 738 dicitur.

352 761 383 798 A
419 759 522 797 nasali
552 767 650 809 parte
677 760 794 799 sutura
820 761 928 799 etiam
972 762 1146 799 continua
1178 761 1384 811 separatur,
1444 761 1482 799 δε
1535 759 1692 810 denique
1731 761 1768 799 in
1805 762 1882 810 gla-

173 803 175 805 ,
230 811 235 820 ”
290 819 423 858 bellam
448 818 584 857 definit.
649 819 690 858 In
728 833 768 858 ea
801 820 920 859 sutura
946 819 1048 863 duo,
1080 829 1194 859 triave
1222 821 1398 859 Foramina
1425 820 1522 863 sunt,
1571 832 1650 870 quae,
1686 821 1882 860 introrsum

289 880 434 917 arterias
469 878 609 917 ducunt
649 880 686 916 &
717 891 858 918 nervos.
931 878 1028 918 Finis
1060 879 1220 930 superior
1267 893 1327 918 ora
1369 880 1514 918 modice
1575 880 1775 923 eminente,
1843 881 1882 919 δε

294 950 380 976 cum
406 938 528 976 fronte
558 939 595 975 in
615 940 728 977 aciem
766 947 923 978 coeunte
944 943 1181 984 terminatur,
1210 938 1247 979 in
1278 952 1348 991 qua
1367 939 1416 977 est
1441 940 1548 978 inciIe
1585 950 1652 988 pro
1685 938 1771 978 vafis
1793 952 1875 979 ner-

290 998 417 1046 visque
436 997 480 1035 ad
515 997 674 1035 frontem
708 999 934 1037 exeuntibus.

350 1057 430 1095 Pars
461 1058 587 1095 orbitae
612 1056 736 1106 narsidis
761 1059 863 1108 plana
884 1058 944 1102 est,
977 1060 1012 1097 ὃς
1040 1059 1186 1097 modice
1215 1059 1288 1097 fere
1328 1069 1503 1096 convexa.
1568 1056 1654 1095 Eam
1676 1058 1796 1106 primo
1833 1070 1875 1097 os

287 1115 530 1166 sphmoides,
564 1109 601 1154 Sc
630 1119 763 1167 exigua
789 1118 961 1167 panicula
983 1116 1064 1156 offis
1099 1118 1342 1166 palati(b*),
1379 1117 1526 1156 inferius
1542 1117 1639 1167 quasi
1672 1118 1868 1166 adrepens,

288 1176 421 1214 deinde
443 1189 484 1214 os
515 1176 666 1226 planum
703 1177 740 1214 Sc
778 1175 993 1217 conmissum
1036 1189 1122 1215 cum
1153 1177 1263 1227 plano
1302 1189 1342 1215 os
1377 1176 1529 1215 maxillae
1558 1176 1773 1227 superioris,
1810 1177 1873 1214 de-

286 1237 401 1285 nique
436 1248 478 1273 os
515 1237 647 1284 unguis
677 1238 833 1275 anterius
868 1236 1050 1286 profunde
1090 1235 1312 1285 depressum,
1365 1237 1540 1286 posterius
1571 1237 1721 1285 planum
1750 1234 1869 1275 efficit.

285 1296 318 1333 A
359 1295 549 1344 temporali
593 1302 691 1344 parte
734 1295 832 1334 hiatu
872 1297 985 1346 longe
1027 1295 1235 1345 separatur,
1305 1297 1368 1345 qui
1424 1297 1513 1333 rima
1555 1294 1688 1343 spheno
1744 1296 1873 1333 maxil-

286 1354 375 1392 laris
405 1356 560 1392 dicitur:
613 1357 767 1394 anterius
794 1364 917 1394 tamen
950 1363 1093 1405 recepta
1111 1356 1149 1393 in
1174 1356 1330 1394 orbitam
1363 1354 1443 1393 offis
1471 1355 1573 1392 malae
1604 1365 1703 1404 parte
1729 1354 1871 1404 perfici-

284 1421 353 1452 tur.
419 1414 471 1452 Ex
500 1427 538 1452 ea
574 1415 660 1452 rima
689 1416 769 1464 plus
805 1427 915 1465 quam
944 1415 1064 1453 media
1079 1415 1208 1454 canalis
1226 1415 1345 1458 ducit,
1388 1415 1452 1465 qui
1470 1415 1754 1453 infraorbitalem
1775 1426 1857 1452 ner-

285 1485 374 1512 vum
406 1475 444 1511 <Sc
479 1474 642 1511 arteriam
679 1474 723 1511 ad
758 1474 885 1512 faciem
918 1476 1137 1513 transmittit.

348 1534 424 1572 Ora
461 1534 620 1570 anterior
665 1534 773 1571 etiam
812 1545 936 1572 arcum
973 1534 1083 1577 facit,
1137 1534 1247 1584 paulo
1286 1535 1399 1583 magis
1442 1544 1676 1576 convexum,
1731 1532 1867 1572 sursum

286 1605 426 1633 caium.

344 1653 425 1690 Pms
463 1650 660 1699 temporalis
685 1651 728 1688 ab
774 1651 826 1689 ala
873 1653 1010 1699 majore
1055 1651 1273 1701 sphenoidea
1294 1652 1448 1701 incipit,
1504 1652 1541 1690 δε
1577 1652 1620 1690 ab
1657 1650 1729 1690 offe
1760 1649 1863 1691 malae

287 1711 497 1762 perficitur,
531 1710 678 1748 modice
711 1718 904 1754 excavata,
943 1711 979 1749 ὃς
1009 1723 1028 1748 a
1066 1711 1210 1750 frontali
1241 1718 1340 1760 parte
1368 1719 1476 1762 atque
1505 1725 1524 1750 a
1549 1711 1654 1750 nasali
1690 1719 1770 1750 turn
1806 1711 1862 1750 su-

284 1774 397 1813 turis,
432 1783 518 1820 quas
551 1770 647 1812 dixi,
689 1777 768 1808 tum
799 1770 898 1809 hiatu
926 1771 1078 1820 sepirata
1162 1771 1202 1810 Et
1230 1770 1300 1820 ipsa
1325 1770 1502 1810 foramina
1527 1771 1662 1814 habet,
1706 1782 1787 1820 quae
1821 1773 1860 1808 in

281 1830 520 1880 temporalem
551 1828 676 1867 foffam
708 1842 839 1867 nervos
877 1831 914 1869 Sc
945 1829 1025 1869 vasa
1054 1833 1233 1869 emittunt.

340 1890 478 1930 Orbirae
501 1889 701 1927 extrorsum
731 1888 943 1937 respiciunt,
1003 1895 1044 1926 ut
1075 1890 1113 1926 in
1147 1890 1328 1940 principio
1360 1890 1551 1940 posteriori
1587 1889 1713 1927 vicinae
1762 1894 1863 1926 ante-

281 1951 355 1988 rius
389 1945 675 1999 diffiieant(c).
735 1948 889 1987 Interius
919 1948 1036 1987 orbita
1062 1948 1211 1998 longius
1247 1951 1454 1998 procurrit,
1507 1949 1664 1988 exterius
1706 1948 1852 1986 brevior

279 2010 348 2051 est.
382 2017 420 2047 ut
449 2008 603 2057 angulus
627 2009 784 2045 exterior
811 2008 907 2045 idem
935 2008 1111 2057 posterior
1140 2009 1180 2046 fit
1214 2009 1312 2056 (d).

337 2069 451 2117 Ajunt
479 2067 643 2106 Eleuthis
677 2066 945 2116 (Calmuccis)
976 2066 1104 2106 oculos
1134 2070 1248 2117 magis
1273 2066 1454 2116 distare<e
1470 2066 1498 2114 ).
1729 2125 1765 2165 T

921 2139 926 2144 ·
1767 2131 1865 2166 otam

321 2242 396 2280 (b)
418 2240 491 2271 Vide
508 2240 544 2271 ad
569 2239 630 2272 haec
650 2240 747 2272 omnia
761 2242 852 2272 icones
878 2240 1016 2272 Arnim
1039 2242 1098 2272 tab.
1127 2238 1174 2282 qffi
1192 2241 1216 2273 I.
1244 2241 1264 2272 f.
1284 2249 1309 2274 ¹.
1353 2241 1421 2280 Sus
1455 2242 1513 2274 sab,
1538 2251 1565 2282 ς.
1606 2241 1626 2274 f.
1648 2249 1666 2274 x
1710 2242 1860 2275 Cusu-

282 2282 636 2360 ,ῗῖξςᾶῦιύιξεὲτηγ
662 2321 746 2359 pfflh.
1623 2299 1639 2313 ο

318 2365 366 2401 (c
389 2366 403 2403 )
430 2364 618 2395 WlNSLow
642 2363 735 2394 L.lv.
768 2373 797 2394 n.
809 2367 878 2395 206.
914 2363 1011 2397 Me'm.
1028 2364 1189 2403 del’Acad,
1208 2373 1297 2404 172¹.

317 2405 534 2442 (d)1DBM
563 2405 630 2434 ibid.

317 2446 385 2484 (e)
407 2446 495 2478 Sami.
511 2448 560 2476 der
580 2443 678 2485 Rezsen
703 2445 738 2477 T.
762 2445 826 2479 Vll.
853 2456 882 2486 p.
903 2451 950 2485 89.
