2003 2764
533 139 911 184 SEC'TZIII.
1001 143 1334 185 SENS'US.
1682 153 1766 195 283

156 236 389 280 accedebant:
459 238 516 279 Ab
557 241 598 277 iis
629 240 745 284 tensa,
791 242 898 279 etiam
930 252 1060 280 vocem
1100 241 1296 280 humanam
1325 252 1424 280 nunc
1470 235 1748 296 distinguebant.

148 300 207 338 Ab
237 313 326 350 aqua
347 306 384 337 in
402 306 580 350 tympano
611 302 720 337 nimis
751 301 960 338 abundante
993 300 1141 339 surditas
1178 299 1255 349 (ff
1274 301 1305 349 ).

211 361 444 398 Subtiliorem
472 361 577 396 aliam
622 361 658 397 in
687 361 811 397 eadem
843 361 1052 398 membrana
1090 360 1315 404 tensionem,
1358 359 1417 399 alii
1455 359 1647 410 scriptores
1684 362 1747 401 ad-

150 419 335 456 miserunt.
387 418 457 457 Etsi
481 422 578 456 enim
612 406 696 457 εἴπῃ
723 421 893 457 omnibus
930 421 1025 457 tonis
1057 420 1184 469 aliquae
1217 421 1253 458 in
1291 421 1388 459 duris
1415 422 1633 470 corporibus
1664 433 1744 471 par-

151 479 270 515 ticulae
297 478 499 515 consonant
523 481 540 524 (
560 491 583 514 u
603 479 623 524 )
640 507 650 521 ,
679 482 881 516 accuratior
915 487 1037 517 tamen
1074 480 1124 517 est
1145 479 1332 518 harmonia
1350 483 1424 529 (x)
1465 481 1641 520 durorum
1658 492 1740 519 cor-

146 547 307 587 porum,
358 550 437 588 quae
466 541 595 586 pariter
633 538 729 575 tensa
775 539 945 575 eumkm
986 551 1180 578 numerum
1221 539 1487 577 oscillationum
1524 541 1561 577 in
1608 538 1748 579 iisdem·

145 597 376 646 tempusculis
405 597 526 634 edunt.
605 597 728 643 Quare
768 610 852 635 cum
881 599 1069 641 credatur3
1118 598 1358 636 oscillationes
1389 600 1607 636 membranae
1643 607 1737 650 tym-

142 659 227 704 pani
251 657 294 694 ad
313 657 536 694 audiendum
574 660 722 705 requiri,
757 659 938 695 creditum
968 658 1018 696 est
1047 659 1200 707 pariter,
1242 665 1282 696 ut
1309 659 1396 696 varii
1428 657 1526 702 soni,
1569 671 1662 709 quos
1675 671 1737 699 au-

142 715 220 753 dire
261 717 379 753 nostra
424 717 591 759 interest,
639 716 812 764 puriffimi
863 718 976 755 menti
1019 717 1334 767 repraesententur,
1376 718 1486 756 varias
1517 719 1624 756 etiam
1660 720 1736 767 eius

115 775 361 812 ·membranae
385 776 564 813 tensiones
598 779 741 825 requiri.
806 775 870 814 Eas
905 788 995 825 ergo
1027 778 1119 815 vires
1140 805 1151 821 ,
1195 788 1283 826 quas
1317 778 1475 816 diximus
1512 790 1588 815 eam
1620 791 1736 817 mem.

138 833 285 871 branam
329 836 503 878 tendere,
564 836 600 872 δι
651 837 789 878 laxare,
859 836 1020 874 adhiberi
1065 844 1194 886 putant
1236 837 1290 876 Cl.
1324 838 1412 880 viri,
1463 844 1504 876 ut
1531 837 1576 874 ad
1606 849 1735 886 graves
1779 840 1783 843 ’

127 891 244 930 ⁴senor:
258 894 637 933 exaudiendoseadem
649 896 810 938 laxetur,
833 895 877 933 ad
902 906 1030 934 acutos
1047 905 1173 934 contra
1191 897 1359 934 tendatur
1376 925 1387 941 ‚
1418 896 1619 946 eademque
1644 909 1731 936 cum

134 954 335 996 omnibus,
373 956 416 992 ut*
439 956 525 992 varii
559 954 651 998 fint.
702 955 852 993 unisona
888 954 955 999 fit,
1025 956 1271 1006 eumdemque
1310 967 1505 995 numerum
1541 955 1734 996 oscillatio-

132 1022 219 1049 nem
244 1014 282 1050 in
312 1014 444 1050 eodem
476 1021 644 1062 tempore
672 1015 920 1065 repraesentet,
953 1021 1062 1064 atque
1087 1015 1180 1053 adeo
1211 1017 1250 1053 in
1288 1015 1422 1053 intimo
1466 1025 1608 1065 organo
1629 1018 1733 1055 audi-

132 1077 191 1110 tus
228 1073 377 1113 eosdem
392 1082 502 1111 tonos
529 1081 691 1121 repetat,
727 1087 821 1123 quos
850 1087 912 1111 aer
944 1075 989 1111 ad
1016 1077 1265 1113 membranam
1294 1075 1458 1127 tympani
1483 1075 1613 1114 adtulit
1631 1075 1732 1125 (y).

191 1130 228 1168 Si
261 1134 417 1171 omnino
446 1132 597 1170 musculi
635 1144 701 1181 per
733 1132 881 1171 officula
906 1134 1161 1172 membranam
1209 1137 1374 1185 tympani
1400 1141 1551 1183 regunt,
1603 1135 1728 1185 quaefi-

128 1193 209 1228 tum
235 1191 306 1234 est,
349 1200 445 1229 'num
477 1205 494 1230 a
531 1193 719 1229 voluntate
748 1203 938 1241 regantur,
988 1194 1160 1243 exemplo
1185 1192 1351 1236 futuros,
1398 1196 1506 1232 etiam
1550 1205 1626 1231 non
1659 1193 1729 1235 visa

126 1251 292 1289 membra
319 1252 470 1289 arbitrio
502 1254 605 1300 regi;
640 1263 729 1290 num
761 1252 885 1302 potius
914 1260 1038 1290 motus
1063 1252 1128 1291 iste
1159 1252 1202 1291 fit
1228 1264 1275 1291 ex
1303 1265 1344 1292 ea
1371 1252 1492 1296 dasse,
1539 1265 1619 1303 quae
1644 1255 1730 1293 abs-

125 1320 199 1358 que
221 1322 269 1348 vo
337 1318 410 1350 tate
452 1323 500 1349 ex
527 1310 703 1349 trachinae
747 1322 934 1361 corporeae
977 1311 1110 1351 fabrica
1141 1313 1311 1363 sequitur.
1388 1312 1650 1363 Experimento
1685 1315 1727 1353 in

121 1367 262 1418 seipso
304 1371 382 1409 ado
421 1371 571 1422 putabat
602 1370 837 1418 Hieronymus
877 1369 1194 1417 FABixrcrus‚
1261 1374 1388 1423 utique
1427 1385 1490 1411 eos
1539 1373 1725 1414 musculos

121 1427 318 1468 voluntatis
348 1431 503 1479 imperio
531 1443 680 1480 parere,
735 1442 822 1469 cum
842 1430 1030 1480 strepitum
1060 1434 1158 1471 intus
1193 1434 1231 1470 in
1265 1445 1356 1471 ‘aure
1390 1432 1588 1472 voluntatis
1619 1441 1724 1482 pote-

118 1486 206 1525 state
234 1491 388 1527 excitare
411 1488 636 1538 poffet(z).
703 1489 809 1529 Loco
842 1491 1040 1542 tranquillo
1073 1492 1240 1544 strepitus
1270 1491 1391 1531 subito
1423 1492 1572 1530 confuse
1604 1494 1723 1543 perci-

116 1546 242 1596 pitur,
271 1557 354 1586 ante
382 1549 587 1587 clamorem
619 1549 717 1598 (a).

97 1598 130 1627 ⁸
179 1604 250 1643 Pro
275 1608 382 1646 altera
409 1611 587 1658 opinione
615 1609 781 1659 analogia
808 1608 1017 1650 oculorum'
1045 1611 1199 1650 militare
1233 1610 1395 1655 videtur,
1434 1612 1473 1648 in
1498 1611 1632 1661 quibus
1667 1618 1724 1658 ati

117 1674 205 1702 cana
227 1668 389 1716 quaedam
416 1668 461 1705 ad
493 1668 670 1716 majorem
704 1671 933 1708 minoremve
963 1670 1054 1708 lucis
1087 1674 1191 1715 vim,
1230 1670 1266 1708 &
1293 1671 1336 1708 ad
1374 1672 1546 1721 propiora
1576 1681 1638 1710 aut
1667 1684 1723 1711 re-

116 1726 277 1764 motiora
309 1727 448 1776 objesta
476 1728 658 1771 mutatio,
695 1737 798 1768 cetto
823 1730 948 1767 locum
988 1730 1122 1773 habet,
1176 1731 1370 1768 &-tamen
1413 1731 1578 1768 voluntas
1624 1729 1718 1776 sola,

102 1783 252 1834 ,absque
289 1798 328 1824 ea
351 1788 388 1824 in
420 1787 526 1830 luce,
571 1795 634 1825 aut
663 1789 794 1827 vicinia
822 1788 1049 1837 obJ'e&0rum
1065 1789 1277 1833 diverfitate,
1296 1790 1438 1827 nullum
1455 1791 1612 1826 omnino
1627 1791 1720 1828 arbi-

119 1844 268 1882 crarium
284 1845 480 1895 imperium
493 1847 531 1883 in
555 1847 708 1884 eandem
726 1848 852 1886 iridem
864 1847 993 1892 habet.
1024 1861 1144 1899 neque
1168 1862 1268 1893 eam,
1306 1858 1347 1888 ut
1365 1848 1604 1900 sphinfterem
1637 1850 1718 1900 qui-

112 1899 198 1939 dem
223 1903 379 1954 aliquem
400 1934 410 1948 ,
441 1906 607 1953 jubendo
627 1908 797 1951 tendere,
825 1907 863 1946 δε
882 1908 1014 1948 arerare
1053 1910 1157 1947 valet.

144 1994 153 2003 .
170 1959 226 2000 Cl.
256 1963 473 2004 Corunnus
484 1978 504 2005 a
521 1968 685 2017 tympani
699 1968 907 2006 membrana
918 1974 997 2007 tum
1012 1981 1078 2021 per
1090 1968 1279 2009 cenulosos
1293 1967 1376 2009 suos
1394 1980 1530 2013 nexuS,
1556 1974 1636 2008 tum
1653 1979 1717 2015 per

884 2026 924 2065 N
955 2039 981 2066 n
1043 2040 1068 2068 2
1556 2035 1557 2038 ’
1584 2039 1717 2076 manu:

146 2173 224 2211 (ε’)
244 2175 440 2210 Vnum*
461 2178 540 2219 apud
557 2178 758 2228 monsacu-
778 2179 861 2222 Epffl.
875 2180 926 2214 VI.
940 2191 970 2222 p.
985 2190 1054 2220 ηπ.

145 2216 222 2294 ἓὲξ
247 2228 282 2295 ἕξ
304 2227 378 2296 ἶζζ.
770 2246 775 2252 ·

104 2296 200 2376 ³211}sz-
219 2300 252 2378 )p.
268 2300 486 2376 {ganutun
523 2301 642 2341 pulen.
683 2303 720 2338 Τ,
760 2303 811 2340 lv.
849 2315 879 2348 p.
900 2315 972 2349 405.
1007 2306 1218 2347 runnu
1257 2316 1288 2349 p.
1303 2310 1373 2349 238.
1416 2308 1540 2342 Konna
1565 2309 1600 2340 de
1623 2307 1713 2347 εἴτις

141 2384 216 2460 {23
238 2383 502 2464 {2352'2‘20‘13‘72'
519 2392 567 2424 “⁸
