2003 2764
226 137 520 182 SECT.11.
585 136 752 178 SONI
791 96 1110 176 's'HEORIA
1149 135 1457 188 PH-YSICAQ
1583 146 1666 185 277

122 222 130 229 ’
152 236 208 275 Ad
234 249 311 275 eam
332 235 542 273 sententiam
578 232 736 271 adlatum
758 232 807 269 est
827 260 837 275 ,
886 245 905 271 a
927 233 1093 282 tympani
1114 225 1236 271 ‘certo
1269 233 1359 271 sono
1398 232 1561 274 fenestras
1598 232 1672 269 evi-

95 297 238 335 dentius
265 293 472 342 subfiliiffe(
494 293 570 338 l),
606 293 642 329 &
668 291 768 329 Echo
797 298 914 328 certos
940 299 1049 329 tonos
1078 294 1192 341 magis
1221 305 1328 342 quam
1345 291 1431 329 alios
1454 291 1524 328 fide
1542 292 1576 328 δι
1598 290 1674 340 ple-

90 368 136 393 ne
156 364 314 404 repetere
331 355 456 400 (m),
492 351 640 401 quando
668 351 763 388 forte
789 350 996 394 obstacula,
1039 362 1084 388 ex
1108 353 1239 401 quibus
1266 352 1357 389 echo
1386 350 1566 392 redditur,
1598 361 1674 387 cer-

91 417 136 452 tis
153 413 332 464 particulis
349 414 463 461 magis
479 411 671 449 abundant.
707 409 972 448 Columnarum
990 421 1075 447 cum
1087 412 1231 460 organis
1249 410 1526 448 consonantium
1539 417 1674 446 tremo-

95 486 150 511 res
172 472 352 521 ejusmodi
370 472 613 509 determinatae
631 469 806 518 analogiae
826 470 1024 514 tribuunt(
1041 481 1063 505 71
1080 476 1103 517 ).
1162 470 1206 507 Et
1227 470 1498 519 phaen01nenon
1524 468 1676 506 chorda-

95 544 200 574 rum,
243 531 452 568 harmonice
468 542 543 566 non
559 528 858 571 consonantium,
896 526 1044 577 quando
1074 535 1251 566 tonorum
1281 529 1361 566 sunt
1386 528 1487 566 valde
1520 529 1677 577 insequa-

96 591 186 629 lium
212 592 257 636 (ο
274 591 293 638 )
310 617 320 633 ,
357 590 502 628 effatum
525 588 578 626 Cl.
607 590 768 626 virorum
789 594 927 625 certum
954 586 1102 625 reddere
1138 588 1290 625 videtur.
1347 587 1442 625 Nam
1468 596 1563 625 certe
1580 588 1678 624 idem

98 662 223 688 murus
248 649 367 686 omnis
398 649 541 697 generis
570 659 677 685 voces
695 646 838 688 reddit,
876 646 1054 695 sonosque
1075 647 1111 684 &
1132 647 1306 685 melodias
1323 647 1379 695 (p
1395 647 1433 693 )‚
1470 647 1504 683 ἃ
1530 645 1680 697 perinde

99 710 279 758 fragorem
309 708 506 748 tormenti,
541 714 601 744 aut
626 708 722 744 tibiae
747 705 869 744 suaves
889 705 1083 750 modulos,
1119 705 1343 755 graviffimos
1382 717 1512 754 nempe
1538 705 1647 744 sonos
1674 736 1680 747 ,

103 770 140 807 ἃ
169 765 382 806 acuriffimos
403 767 476 817 pari
500 765 570 803 fide
603 767 741 825 repetit.
1445 787 1470 809 .

149 827 221 865 De
246 828 355 864 aereis
375 825 525 875 quidem
555 810 736 873 particulis
757 823 884 871 objicit
912 825 966 861 vir
995 823 1088 861 122.
1119 823 1343 862 Leonhardus
1375 823 1437 863 Eu
1451 836 1471 861 L
1487 836 1505 861 e
1519 837 1541 861 R
1559 825 1577 872 (
1592 836 1613 871 q
1633 822 1684 872 ),”

101 898 181 924 non
228 884 326 935 poffe
364 887 401 923 in
445 884 627 933 particulis
670 882 912 933 atmosphaerae
947 882 1127 922 diversum
1161 885 1328 922 elaterem
1374 884 1496 933 aliquo
1522 883 1715 932 longiori.

102 954 271 995 tempore
300 943 494 995 superesse:
530 956 614 983 nam
645 943 670 981 fi
699 955 814 993 ponas
844 942 1055 992 corpuscula
1078 945 1115 981 in
1144 956 1223 982 aere
1256 955 1354 982 nunc
1384 942 1450 981 effe
1471 945 1585 992 iniqui
1616 941 1686 981 ela-

103 1008 208 1049 teris‚
254 1008 433 1043 continuo
465 1003 607 1042 dilatata
642 1016 702 1047 ea,
737 1014 819 1052 quae
850 1001 1017 1052 superat,
1050 1003 1086 1040 &
1116 1002 1322 1055 conpressa,
1358 1015 1436 1055 quae
1457 1003 1507 1043 est
1523 1002 1684 1045 inferior,

107 1076 298 1102 commun·
303 1077 316 1101 s
346 1063 509 1102 mensura
533 1064 670 1102 elateris
704 1062 876 1100 omnibus
906 1062 1013 1099 debet
1044 1063 1189 1102 restitui.

166 1123 213 1161 ln'
243 1125 460 1173 corporibus
500 1122 599 1160 duris
631 1123 747 1169 magis
784 1120 972 1170 probabile
992 1121 1160 1165 videtur,
1211 1121 1283 1160 alio
1312 1123 1347 1160 &
1377 1123 1448 1161 alio
1480 1121 1597 1160 modo
1621 1120 1691 1159 ela-

107 1183 208 1221 sticas
238 1183 415 1232 durasque
443 1182 632 1230 particulas
663 1179 740 1218 effe.
788 1179 929 1218 Mirum
960 1187 1079 1219 tamen
1107 1182 1224 1232 potest
1244 1182 1387 1225 videri,
1425 1182 1461 1219 &
1491 1180 1693 1219 molliffima

110 1240 221 1285 folia,
257 1244 294 1280 δι
330 1240 526 1280 dunffimas
549 1248 691 1285 cautes,
732 1240 900 1290 interque
931 1252 987 1278 eas
1007 1243 1112 1279 variae
1145 1242 1309 1280 duritatis
1337 1240 1496 1292 lapides,
1542 1239 1694 1291 perinde

112 1303 233 1342 omnis
257 1303 399 1350 generis
432 1300 539 1338 sonos
569 1302 605 1338 in
635 1300 727 1338 echo
754 1299 915 1338 reddere.

171 1361 350 1400 Caeterum
380 1361 424 1398 ab
451 1360 504 1398 his
540 1360 761 1397 tremoribus
801 1360 949 1396 internis
979 1357 1060 1409 (r)
1100 1359 1352 1412 sympafflicis,
1397 1360 1434 1397 in
1480 1358 1696 1409 corporibus
1744 1365 1758 1372 ’

111 1420 270 1460 unisonis
292 1420 377 1465 (r’f
397 1419 413 1465 )
438 1431 457 1456 a
487 1431 644 1469 corpore
677 1419 813 1456 sonoro
840 1419 1002 1457 excitatis
1019 1447 1029 1462 ‚
1068 1420 1204 1471 pendet
1232 1419 1292 1457 illa
1319 1420 1513 1458 Morino
1530 1431 1574 1456 121
1590 1431 1614 1456 o
1638 1430 1696 1455 ce-

108 1479 243 1518 lebrata
276 1479 496 1529 scyphorum
528 1479 700 1528 diruptio.
753 1477 1031 1527 Rumpebantur
1059 1482 1158 1518 enim
1186 1491 1279 1516 voce
1304 1480 1461 1517 humana
1496 1480 1618 1526 (νῆ)
1654 1478 1699 1515 ab

119 1539 277 1578 unisono
309 1539 414 1587 (s),
471 1539 508 1575 δι
544 1537 721 1576 efficacius
754 1539 798 1574 ab
833 1538 953 1576 ostava
986 1538 1103 1576 subito
1142 1545 1222 1576 nata
1247 1539 1325 1586 (t)
1359 1537 1552 1587 superiori,
1598 1537 1702 1584 cujus

120 1605 297 1636 tremores
340 1598 531 1635 celeriores
575 1599 613 1634 in
659 1596 860 1646 separandis
893 1595 1081 1635 elementis
1125 1599 1209 1635 vitri
1253 1598 1334 1646 plus
1375 1597 1550 1635 haberent
1590 1596 1704 1634 robo-

120 1657 167 1694 ris
188 1657 276 1705 (u).
327 1656 423 1694 Nam
448 1658 555 1694 etiam
589 1658 773 1705 graviores
809 1656 955 1694 chordae
986 1655 1153 1705 percuffis
1197 1658 1308 1694 acutis
1347 1655 1474 1694 sonant
1498 1655 1597 1703 (x).
1672 1654 1703 1693 A

121 1727 215 1755 *roce
237 1722 340 1755 acuta
368 1714 405 1754 in
434 1727 583 1767 gravem
605 1722 742 1755 mutata
768 1711 846 1753 n'on
873 1722 1093 1755 rumpuntur
1122 1713 1246 1766 scyphi
1275 1715 1360 1764 (y).
1411 1716 1442 1754 A
1469 1716 1566 1758 tuba,
1596 1715 1705 1752 mire.

932 1773 978 1814 M
1009 1786 1048 1812 m
1113 1785 1133 1821 3
1659 1772 1706 1810 ris

160 1880 226 1919 (l)
256 1881 473 1912 Roumum.

163 1922 215 1958 (m
232 1924 245 1958 )
270 1925 358 1953 Ριοτ
382 1922 556 1959 oxfordshire
575 1931 603 1961 p.
620 1931 667 1953 12.

165 1964 245 2040 ἐκ)
275 1964 387 1995 Bone,
412 1963 575 2002 oflauguid
595 1965 654 1994 and
677 1962 766 1993 unhee
788 1962 851 1994 ded.
866 1963 983 1995 motion.

120 2009 128 2018 ¹
191 2006 232 2040 ο)
283 2015 369 2042 -²7<·

167 2015 320 2082 (1025.
344 2045 570 2084 Mogumiacai
598 2056 618 2085 p
645 2050 712 2082 ¹38·
740 2044 813 2084 seqq.

166 2086 235 2125 (q)
269 2086 386 2117 EULRR
417 2085 504 2125 opusc.
539 2097 556 2115 n
585 2097 627 2123 59
648 2092 695 2117 60.

168 2128 231 2164 (r)
252 2128 309 2157 .Ad
327 2131 483 2157 torrentem
510 2130 581 2159 aeris
604 2138 619 2158 a
642 2137 714 2158 voce
733 2127 805 2158 inci.
807 2126 846 2155 ati
873 2125 961 2157 reret:
985 2125 1172 2157 Burows
1207 2135 1235 2164 p.
1254 2127 1321 2158 187
1363 2125 1419 2158 Sed
1444 2126 1529 2159 nimis
1564 2131 1711 2167 apparere

129 2174 244 2200 tremor
239 2168 304 2199 bus
329 2168 384 2198 esse
406 2163 549 2206 internis,
571 2176 638 2200 cum
660 2165 746 2199 etiam
768 2177 796 2205 a
810 2166 869 2198 raso
898 2167 954 2198 alio
967 2166 1073 2206 scypho
1100 2167 1198 2207 scyphi
1220 2173 1397 2206 rumpantur.

169 2208 232 2245 (ν
248 2209 441 2246 >Bu-rom
476 2219 500 2247 p.
519 2219 586 2246 194.
615 2219 680 2247 195.

171 2250 228 2286 (2³
231 2252 268 2298 *0)
297 2250 390 2280 Etiam
416 2249 536 2286 suspensi
562 2250 716 2288 aliquando
741 2255 913 2286 rumpuntur
931 2248 1094 2280 numm
1118 2258 1144 2286 p.
1165 2249 1233 2286 196.

172 2292 232 2328 (s)
267 2291 491 2321 UFFENBACH
521 2290 618 2330 Reism
653 2289 752 2322 T.111.
789 2302 816 2329 p.
833 2300 898 2326 240.
941 2291 1089 2320 Momm*
1110 2300 1224 2329 5³‹¹³3·
1254 2289 1416 2320 ΒΑιτοω
1441 2295 1545 2328 p.r98.
1569 2298 1635 2328 ¹99·

171 2332 245 2368 (t)
267 2333 417 2363 Momm
442 2341 466 2362 c.
484 2341 510 2364 ο.
549 2332 706 2363 ustrou
730 2341 757 2369 p.
774 2338 829 2367 189
879 2332 917 2361 du
934 2331 986 2361 HA
1025 2342 1064 2360 'L
1092 2332 1123 2359 de
1141 2341 1216 2369 corp.
1245 2332 1276 2361 L.
1295 2341 1322 2362 2.
1347 2339 1416 2368 ca}-

172 2374 247 2451 {113
279 2373 364 2444 {uba
386 2371 519 2410 diapason
542 2372 775 2411 sonantermagis
801 2372 891 2403 exsilit
909 2381 1001 2410 aqua,
1099 2382 1222 2404 remores
1247 2371 1312 2404 sunt
1341 2371 1472 2403 fortiores
1495 2369 1658 2401 Mentior.

200 2424 220 2443 x
308 2422 434 2443 ARTom
464 2423 492 2452 p.
509 2422 577 2450 129.

173 2454 244 2494 (y)
270 2453 360 2486 Imm
386 2464 496 2494 p.190.
522 2463 588 2493 191.
