2003 2764
604 116 1338 162 SECT.JJJ.11’SE.
1655 133 1710 170 97

130 223 198 255 vet.
261 215 412 255 Scribere
444 215 619 263 prurienti
648 216 762 264 magis
802 215 1011 255 deliciosum
1042 217 1113 258 est,
1160 218 1241 265 quia
1283 218 1373 254 cutis
1406 215 1500 253 nuda
1536 215 1681 255 fricatur
1693 229 1708 262 ‚·

126 277 223 314 idem
254 277 358 312 nimis
393 273 595 310 vehemens.
661 273 793 311 Infesta
827 273 916 317 effe,
952 287 1031 323 quae
1068 287 1145 313 eam
1179 276 1404 324 pruriginem
1442 276 1626 319 excitant,
1664 288 1710 314 ex

128 336 258 387 optimi
278 332 471 379 Hyacimhi
495 331 694 370 Cas-rou
711 345 724 369 1
758 335 907 371 invento
937 333 1094 376 constat,
1133 346 1210 382 quae
1237 335 1360 371 eadem
1392 334 1429 371 ὃς
1454 337 1489 370 in
1522 334 1630 372 farina
1647 336 1708 372 ha-

128 395 263 435 bitant,
302 393 400 428 &in
429 391 555 429 scabiei
581 391 754 440 pustulis,
800 392 936 441 suoque
974 391 1128 435 incessu,
1177 392 1367 442 sut‘tuque,
1421 393 1458 430 &
1491 395 1705 445 conpun&is

128 453 218 490 cutis
243 451 399 488 nervulis
423 462 501 488 eam
527 452 751 500 pruriginem
778 454 943 490 excitant.

185 510 483 548 vehementiores
506 510 704 558 voluptates
744 508 846 552 sunt,
901 509 1049 559 quando
1079 511 1117 547 in
1147 511 1306 559 partibus
1348 512 1512 560 corporis
1552 508 1703 549 humani

125 569 264 607 summe
289 567 467 606 sensilibus
493 566 632 617 papillae
661 567 914 607 confricantur.
982 568 1034 606 Ut
1063 581 1082 607 a
1113 571 1272 606 venereis
1306 569 1523 612 abstineam,
1571 571 1608 607 in
1640 581 1703 607 au-

126 641 203 666 rem
225 627 434 678 penICillum
455 626 606 665 subeunt
641 626 837 665 Chinenses
851 655 860 670 ‚
888 639 1056 676 -eumque
1078 635 1218 670 rotant,
1252 631 1299 664 ita
1316 626 1453 665 sensum
1474 629 1632 666 excitant
1645 639 1706 666 ve-

125 688 347 728 hementem,
380 697 489 735 quem
523 697 589 734 pro
614 687 720 723 tertio
739 698 757 723 a
791 685 935 724 Venere
960 687 996 723 ὃς
1024 685 1156 723 Cerere
1191 687 1343 724 deorum
1369 686 1471 724 dono
1498 686 1641 724 habent.

183 745 231 783 Ea
260 745 400 787 ἱείᾶίο,
438 744 585 793 quando
604 745 750 793 grandis
788 757 919 783 nervus
952 745 1086 782 nudior
1124 745 1308 792 subjacet,
1344 746 1418 782 abit
1449 747 1487 782 in
1526 745 1701 783 titillatio-

124 817 220 842 nem.
269 804 295 841 A
325 803 397 841 leni
423 803 586 840 fristione
617 803 824 842 labiorum:
861 816 880 842 a
911 803 1016 840 fimili
1044 802 1208 841 frictione
1243 804 1372 853 plantae
1393 803 1493 853 pedis
1530 803 1704 853 palmaeve

124 874 278 904 manus,
312 863 348 899 δε
379 865 416 900 in
440 862 625 901 nonnullis
657 863 866 900 hominibus
897 874 917 900 a
943 864 1036 901 cutis
1075 862 1264 904 ῑτίἃίοηε,
1305 874 1387 912 quae
1418 862 1524 900 costis
1556 863 1592 899 &
1622 861 1704 900 offi-

121 922 191 960 bus
209 921 530 968 iliuminterjacet‚
561 933 598 959 ea
615 922 773 959 titillatio
808 921 989 972 sequitur,
1025 920 1220 959 vehemens
1242 929 1338 960 certe
1364 920 1501 964 sensus,
1536 928 1575 958 ut
1597 932 1705 969 gran-

123 981 178 1018 dis
208 982 328 1023 nervi,
358 981 393 1017 &
418 991 512 1028 aegre
542 980 767 1028 tolerabilis(
785 981 849 1027 t).
899 980 970 1017 Alii
1004 979 1171 1017 homines
1189 1008 1198 1023 ,
1233 980 1365 1030 quibus
1390 976 1605 1018 titillationis
1634 981 1701 1017 mi-

100 1071 102 1073 .
123 1051 193 1077 nor
219 1038 333 1076 sensus
359 1036 410 1076 est
426 1066 436 1079 ,
476 1039 644 1076 videntur
671 1047 732 1076 aut
765 1039 924 1076 minores
951 1051 988 1076 ea
1007 1038 1086 1075 sede
1111 1050 1239 1076 nervos
1264 1038 1394 1075 habere
1410 1066 1422 1081 ‚
1463 1045 1524 1076 aut
1551 1038 1704 1087 profun-

120 1098 203 1135 dius
227 1096 386 1145 positos,
425 1095 652 1145 denfiorique
677 1105 760 1134 cute
778 1125 787 1140 ,
820 1105 880 1134 aut
913 1096 1027 1143 adipis
1061 1098 1188 1143 majori
1218 1097 1406 1134 volumine
1430 1097 1551 1134 tedios.

178 1155 300 1193 Dolor
329 1155 378 1193 est
406 1155 434 1192 Is
472 1154 577 1192 status
603 1158 792 1203 corporis,
825 1167 934 1202 quem
957 1153 1024 1192 effe
1053 1155 1224 1192 nolimus.
1279 1154 1321 1192 In
1335 1156 1451 1192 nervis
1481 1155 1562 1192 alias
1581 1155 1699 1192 osten-

122 1214 221 1252 ditur
248 1211 339 1262 (u)‚
371 1212 437 1249 esse
449 1224 524 1249 non
554 1213 645 1249 adeo
677 1212 954 1250 destrus‘cionem
973 1240 983 1255 ,
1020 1212 1107 1260 saepe
1137 1214 1232 1248 enim
1252 1211 1561 1250 innocentissimus
1595 1213 1704 1250 dolor

118 1273 256 1321 absque
279 1265 437 1319 *vestigio
468 1270 665 1308 evanescit:
698 1270 756 1307 secl
781 1271 1007 1308 emotionem
1024 1282 1280 1319 quamcunque
1299 1272 1494 1318 majorem,
1528 1272 1701 1319 majorem

119 1331 290 1380 inquam,
325 1341 408 1366 narn
438 1329 564 1366 eadem
602 1329 701 1367 causa
741 1331 778 1366 in
810 1329 943 1367 calloso
975 1329 1126 1367 homine
1145 1329 1368 1378 voluptatem
1391 1358 1399 1371 ‚
1433 1330 1469 1366 in
1488 1338 1615 1367 tenero
1638 1330 1703 1367 do-

119 1389 236 1426 lorem
260 1387 387 1430 faciet,
416 1400 534 1436 neque
555 1387 646 1426 adeo
674 1389 805 1438 gradus
838 1388 918 1426 sunt
949 1388 1035 1432 alii,
1070 1386 1133 1425 nisi
1149 1389 1251 1440 quod
1282 1391 1404 1427 minor
1420 1390 1557 1425 emotio
1590 1389 1705 1426 menti

118 1447 261 1498 placet,
296 1448 411 1495 major
441 1446 613 1496 displicet.

178 1505 301 1545 Dolor
327 1507 447 1544 omnis
482 1507 582 1542 nervi
614 1505 683 1549 est,
724 1507 843 1543 omnis
867 1505 958 1544 adeo
1005 1507 1112 1554 partis
1149 1508 1335 1556 corporis,
1372 1506 1487 1553 major
1511 1505 1635 1549 idem,
1665 1512 1705 1544 ut

119 1567 223 1603 nervi
260 1565 435 1612 majores,
465 1565 614 1602 cerebro
645 1567 857 1614 propiores,
895 1566 1067 1603 nudiores
1103 1563 1350 1604 sollicitantur.
1407 1564 1526 1602 Dolor
1552 1564 1706 1613 graviffi.

121 1635 201 1661 mus
231 1624 280 1661 est
300 1625 391 1661 cutis
419 1623 547 1665 nudae,
582 1635 653 1672 qua
677 1623 756 1660 sede
783 1623 995 1673 papillarum
1024 1623 1073 1660 est
1109 1623 1320 1675 plurimum.
1383 1622 1526 1660 Barbari
1569 1624 1706 1660 Ameri-

122 1684 202 1719 cani
221 1710 230 1725 ,
267 1683 398 1731 quibus
432 1681 528 1719 laudi
546 1681 595 1719 est
617 1682 654 1718 &
679 1682 823 1719 dolores
855 1684 1034 1719 maximos
1064 1682 1107 1718 ab
1120 1682 1222 1719 hoste
1241 1685 1332 1731 pati,
1371 1681 1582 1731 &inflffgere
1609 1681 1707 1719 vicis-

120 1740 213 1783 fim,
250 1747 387 1778 norunt
415 1739 503 1790 quid
531 1739 767 1778 constantiam
806 1741 937 1778 mentis
970 1741 1091 1778 turbet
1120 1742 1287 1780 maxime„
1341 1740 1493 1789 Ungues
1523 1741 1703 1783 avellunt,

121 1807 162 1838 ut
185 1798 402 1836 adhaerentes
432 1799 615 1847 unguibus
645 1798 783 1848 papillae
811 1800 879 1837 illae
906 1799 1026 1848 longae
1059 1798 1282 1838 lacerentur:
1335 1806 1395 1837 aut
1433 1811 1564 1849 penem
1603 1799 1706 1838 clavo

120 1859 430 1900 transverberant,
468 1869 579 1907 quem
607 1857 703 1895 lente
727 1859 872 1905 agitant.
926 1858 1015 1897 Inde
1049 1858 1279 1908 paronychiae
1305 1858 1449 1896 dolores
1471 1856 1566 1908 (x)

181 1916 281 1966 Saepe
307 1918 345 1954 in
378 1928 437 1954 me
467 1916 544 1965 ipso
571 1917 608 1953 &
633 1929 732 1954 nunc
762 1918 958 1968 experior,
1003 1916 1192 1954 hominem
1242 1930 1429 1966 nunquam
1469 1916 1536 1954 esse
1573 1917 1707 1967 absque

123 1975 271 2019 dolore,
314 1987 431 2027 neque
459 1977 508 2014 ita
533 1974 692 2014 molliter
728 1975 849 2014 sedere
869 2005 880 2020 ,
930 1982 992 2014 aut
1025 1976 1246 2016 decumbere
1265 2004 1275 2019 ‚
1321 1978 1409 2026 quin
1450 1976 1566 2026 aliqua
1598 1975 1709 2014 sensa-

1652 2036 1706 2073 tio

157 2167 220 2205 (t)
240 2167 276 2198 In
295 2175 417 2201 nortem
441 2170 551 2202 abeuns
577 2171 770 2208 Knoxxuor
796 2171 830 2200 de
854 2171 946 2201 morb.
968 2171 1056 2202 anim.
1092 2180 1120 2209 p,
1138 2177 1184 2209 53.

157 2207 231 2246 (u)
258 2209 289 2240 L.
313 2209 405 2241 xvii.
431 2211 489 2242 sea
517 2211 552 2242 ιι.
577 2221 607 2243 n.
624 2222 653 2243 x.

158 2247 231 2288 (x)
254 2250 322 2280 Non
342 2260 356 2280 a
380 2251 545 2285 tendinibus
559 2274 567 2290 ,
598 2252 646 2290 qui
669 2251 812 2283 insensiles
832 2252 1115 2284 Hssunannuuus
1139 2251 1173 2282 T.
1188 2250 1238 2283 111.
1273 2260 1300 2289 p.
1317 2259 1386 2290 242.

205 2340 338 2383 Hater.
375 2343 564 2394 Phyfiolog.
625 2344 733 2384 Tom.
771 2344 819 2384 v.
1255 2342 1294 2382 N
