2003 2764
463 135 1300 184 SECZI.ORGANUM.
1596 146 1649 187 45

534 257 570 300 §a
599 248 789 292 XXIII.
859 247 956 300 Vasa
978 247 1194 299 fitdorzfera.

140 368 182 405 ln
219 366 322 405 certis
349 365 430 401 vitae
448 362 613 401 humanae
646 361 919 399 conditionibus
943 358 1135 408 epidermis
1160 357 1322 408 undique
1351 356 1507 397 humore
1541 357 1659 396 made-

78 428 142 466 scit
161 455 169 470 ,
203 427 265 475 qui
298 436 360 474 per
392 435 502 472 poros
530 423 743 471 plerumque
774 418 1028 467 inconspicuos
1051 418 1284 470 epidermidis
1306 426 1476 468 penetrat.

137 486 204 524 Per
234 485 373 522 arterias
425 494 515 520 eum·
544 483 741 519 humorem
783 480 820 516 in
855 479 946 516 cutis
978 489 1089 526 poros
1139 480 1261 515 venire
1295 487 1433 515 certum
1468 476 1516 514 est
1550 477 1620 524 (t)
1640 505 1648 520 ,

79 545 181 593 quod
218 543 354 583 vascula
395 554 414 580 a
449 549 531 579 cute
560 542 598 577 in
632 538 894 588 epidermidem
928 538 1075 579 euntia,
1135 536 1420 584 ligamentorum
1442 534 1546 588 (tss)
1579 548 1658 573 mo-

57 605 127 642 *do
173 611 362 652 utramque
408 600 651 637 membranam
685 598 978 639 obnubentium,
1016 597 1301 644 abrumpantur,
1340 595 1427 633 d'um
1467 595 1661 644 epidermis

80 663 252 701 avellitur.
309 660 404 698 Du&
416 672 454 696 us
471 658 627 707 aquosos
656 669 672 694 a
696 664 778 695 cute
810 657 846 693 in
864 655 1057 694 cuticulam
1079 653 1156 705 (u)
1183 655 1357 692 ducentes
1376 655 1532 703 sperabat
1558 654 1590 692 se
1608 656 1661 692 in-

80 721 212 760 veniffe
243 718 452 768 Godofredws
479 717 690 755 Brnroo,
741 715 810 753 Eos
835 728 911 752 non
938 713 1078 752 admisit
1111 714 1230 751 editor
1263 712 1565 756 Cowmuus,
1601 726 1663 752 ne-

81 793 152 831 que
184 791 296 829 nuper
325 778 511 827 conspicui
542 776 697 814 fuerunt.
747 774 816 812 Sed
839 773 1041 812 arteriosam
1074 773 1213 811 sudoris
1246 774 1428 821 originem
1473 772 1674 810 confirmat*

80 841 257 889 imprimis
282 839 573 886 experimentum
601 835 766 872 constans
806 834 842 871 &
873 833 985 871 facile.
1045 833 1084 870 In
1115 833 1464 882 cujuscunquew)
1485 840 1579 869 artus
1591 844 1642 869 ai·-

81 900 228 941 teriam,
264 907 324 936 aut
350 898 386 934 in
414 902 523 934 aortae
544 903 714 933 truncum
742 893 900 930 hominis
932 892 1084 939 junioris
1119 894 1279 938 injicitur
1309 903 1422 941 aqua,
1460 900 1519 929 aut
1536 891 1663 939 gluten

80 957 231 1008 piscium
263 959 300 994 in
329 957 404 994 vini
428 948 550 1005 spiritu
578 954 758 996 solutum,
789 953 824 989 δι
854 951 977 989 vivida‘
995 953 1095 988 cocci
1115 950 1297 989 Mexicani
1320 962 1479 1002 purpura
1499 950 1661 988 tineium.

80 1016 172 1055 Non
202 1015 303 1054 facile
324 1015 434 1057 fallit,
471 1017 558 1062 quin
587 1025 650 1062 per
683 1022 802 1050 cutem
827 1011 902 1060 (y)
951 1009 1022 1048 fere
1055 1010 1256 1048 universam
1301 1010 1377 1047 latae
1419 1009 1540 1047 veficae
1575 1008 1662 1057 (z)

82 1076 297 1114 oboriantur
313 1103 322 1117 ,
359 1076 394 1111 in
422 1076 550 1123 quibus
565 1073 679 1122 ipsum
695 1069 874 1119 tind'tum(
893 1070 1084 1118 a)gluten
1108 1070 1176 1112 est,
1208 1069 1309 1118 quod
1323 1070 1486 1118 undique
1507 1069 1551 1105 de
1578 1077 1662 1106 cute

80 1134 299 1183 sudavitn&
321 1133 450 1181 procul
471 1133 585 1169 dubio
609 1130 671 1168 fibi
695 1132 732 1167 in
756 1129 980 1177 epidermide
1002 1129 1260 1177 respondentes
1288 1140 1398 1177 poros
1414 1130 1430 1176 (
1446 1127 1467 1165 h
1488 1129 1501 1176 )
1536 1139 1619 1166 cum
1644 1140 1664 1165 a

81 1201 202 1231 morte
228 1193 415 1230 strictiores
444 1192 653 1232 inveniret,
684 1188 863 1236 repulsum
896 1186 959 1224 sub
998 1187 1192 1224 cuticulam
1237 1188 1268 1224 se
1303 1187 1440 1224 effudit.
1497 1185 1664 1233 Angustae

82 1256 179 1290 enirn
210 1253 274 1289 viae
295 1251 398 1293 sunt,
438 1251 473 1286 δε
499 1251 533 1285 in
552 1247 622 1296 ipsa
648 1247 811 1294 aethiopis
826 1244 1050 1293 epidermide
1062 1257 1141 1282 non
1174 1247 1256 1294 pori
1276 1246 1432 1282 omnino
1448 1272 1458 1286 ‚
1484 1244 1542 1281 sed
1561 1247 1668 1283 unice

81 1309 325 1357 tenuiores(c
342 1309 382 1355 ),
412 1308 447 1345 &
472 1319 564 1356 pene
589 1304 777 1355 pellucidae
803 1305 972 1352 regiones
1002 1305 1188 1353 adparent.
1255 1295 1325 1341 Sed
1352 1304 1544 1352 epidermis
1571 1316 1591 1342 a
1623 1304 1664 1341 li-

81 1370 258 1420 quoribus
299 1367 401 1405 facile
432 1373 637 1416 penetratur
667 1364 767 1412 (d).
811 1363 930 1412 Adeps
959 1363 1036 1400 satis
1066 1372 1214 1413 promte
1230 1375 1305 1400 eam
1354 1365 1447 1401 viam
1482 1362 1662 1412 sequitur.-

82 1431 190 1467 etiam
217 1428 369 1473 sebum(
379 1426 428 1473 e)
447 1454 456 1469 ,
488 1426 694 1474 frequenter
721 1422 871 1473 quidem
908 1422 1098 1466 decolor,
1144 1423 1342 1474 aliquando
1374 1431 1493 1461 tamen
1523 1430 1667 1461 retento

83 1488 207 1527 colore
218 1485 312 1536 (f),
348 1497 457 1536 quern
491 1483 728 1522 admiscueris.

141 1545 252 1584 Hunc
287 1557 412 1583 verum
443 1546 508 1595 (g
532 1545 550 1591 )
587 1543 724 1580 sudoris
754 1542 896 1580 fontem
924 1540 991 1579 effe
1016 1540 1259 1590 persuadeor,
1289 1541 1390 1591 quod
1417 1541 1453 1579 in
1478 1548 1558 1579 toto
1586 1553 1667 1580 cor-

82 1617 173 1656 pore
204 1604 364 1643 humano
395 1603 517 1641 fistulae
536 1602 710 1641 arteriosae
732 1601 823 1644 fint,
865 1612 943 1650 quae
971 1601 1155 1649 liquorem
1176 1601 1371 1647 exsudant,
1404 1602 1454 1638 uti
1472 1612 1533 1648 per
1545 1608 1667 1639 totum

84 1677 215 1714 corpus
238 1663 343 1701 sudor
371 1664 468 1700 exit:
502 1661 681 1709 glandulae
702 1673 788 1698 vero
817 1667 929 1697 certas
950 1660 993 1697 ad
1018 1659 1115 1697 sedes
1147 1662 1181 1699 &
1216 1663 1384 1710 regiones
1413 1661 1577 1708 corporis
1599 1659 1666 1698 fint
1707 1686 1718 1689 »

84 1723 261 1762 ῐεὶὶτίἑὶεεῑ
296 1721 397 1773 quod
419 1720 530 1760 sudor
554 1732 631 1758 non
662 1719 702 1758 fit
729 1725 946 1770 perpetuus,
1003 1718 1040 1755 &
1090 1721 1128 1757 in
1176 1721 1297 1759 multis
1330 1719 1541 1759 mortalibus
1580 1731 1667 1768 qua-

977 1777 1004 1816 F
1071 1789 1089 1822 3
1585 1777 1657 1816 lem

123 1904 177 1939 (ti
199 1904 288 1935 ΚΑΛ
303 1912 368 1934 ow
390 1912 415 1933 n.
432 1909 478 1939 ες.
499 1903 547 1934 86.
598 1902 652 1934 Ka
669 1911 710 1932 ιι.
736 1902 874 1941 abridgm.
903 1911 930 1941 p.
949 1910 996 1931 ιι.

124 1947 205 1983 (st)
243 1945 334 1975 Guuz
357 1946 390 1974 de
402 1945 513 1974 humor.
539 1955 567 1983 p.
584 1950 648 1980 180.

124 1988 200 2024 (u)
223 1987 258 2017 T.
269 1995 296 2021 4.
320 1986 338 2014 s.
354 1990 382 2016 6.

125 2028 196 2065 (x)
222 2027 255 2057 ln
271 2026 341 2057 facie
358 2027 381 2056 C
393 2035 462 2057 osc
479 2035 498 2056 H
514 2037 538 2056 w
552 2037 560 2055 r
575 2035 596 2055 'r
609 2035 626 2056 z
651 2025 685 2055 de
696 2025 770 2055 valv.
793 2030 894 2054 urerer.
925 2033 952 2062 p.
971 2031 1018 2053 22.

130 2069 196 2106 (y)
228 2068 341 2104 Ubique
359 2067 417 2097 ΚΛ
433 2077 451 2097 Α
466 2077 525 2097 uw
556 2076 643 2106 n.97.

126 2109 167 2145 (z
183 2111 196 2147 )
227 2108 308 2139 Conf.
332 2108 365 2139 M
379 2118 392 2138 ε
407 2118 481 2138 xm.
508 2109 604 2140 Mem.
623 2108 657 2137 de
673 2105 785 2137 l’Acad.
804 2107 837 2136 de
851 2105 918 2138 Berl.
948 2104 983 2135 T.
1002 2113 1045 2144 13.
1077 2114 1103 2142 p.
1126 2107 1174 2141 67.

125 2152 193 2186 (a)
236 2150 402 2180 KAAuw
425 2158 452 2178 n.
470 2149 519 2187 96.

126 2192 195 2227 (b)
224 2189 408 2227 lnorganicos
427 2189 458 2220 M
474 2200 490 2219 ε
504 2200 522 2219 1<
539 2199 555 2219 1
569 2201 584 2219 L
617 2188 635 2219 l.
652 2198 667 2219 c
699 2197 726 2226 p.
744 2191 791 2226 67.

125 2234 194 2269 (οἳ.
230 2230 348 2261 Maxu.
376 2232 433 2261 l.c.
468 2231 556 2268 p.63.

125 2274 192 2310 (d)
217 2272 229 2302 I
245 2282 263 2301 r>
278 2282 292 2301 s
306 2282 327 2300 Μ
365 2281 390 2309 p.
409 2275 455 2306 68.
511 2272 541 2300 ln
563 2268 712 2302 arboribus
732 2268 908 2300 foraminulis
934 2273 1010 2306 patet
1028 2269 1067 2297 du
1086 2268 1114 2298 H
1129 2279 1147 2298 A
1161 2280 1180 2299 Μ
1195 2279 1211 2299 1!
1226 2280 1240 2298 L
1265 2265 1341 2307 plois
1355 2270 1400 2298 des
1410 2270 1484 2299 arbr.
1504 2268 1524 2299 Ι.
1549 2278 1567 2307 p
1592 2279 1619 2306 9,

128 2316 194 2351 (e)
225 2311 404 2343 Ruvscu
432 2312 509 2349 apud
532 2313 609 2343 Bor
626 2321 741 2341 ΒΗΑ».
758 2321 803 2340 νε
826 2314 858 2340 de
878 2310 1085 2347 fabriagl'anll.
1111 2320 1136 2346 p.
1153 2311 1180 2340 6.

128 2355 190 2393 (f)
216 2355 356 2384 Anum.
382 2352 633 2390 apudKAauw
655 2361 680 2381 n.
697 2352 743 2381 66.
770 2362 813 2388 ap.
846 2351 928 2382 H1N
947 2360 991 2381 zi
1023 2350 1039 2379 l.
1062 2360 1083 2381 c.
1112 2355 1204 2385 n.18.

129 2396 199 2437 (g)
221 2394 287 2425 Non
302 2401 335 2425 ex
358 2393 498 2431 glandulis
517 2394 541 2424 G
553 2404 571 2424 υ
585 2404 605 2424 N
623 2403 638 2423 z
658 2391 733 2422 hum.
755 2391 773 2422 1,
790 2401 813 2423 c.
