2003 2764
291 91 377 138 '494
487 89 491 92 ·
689 86 838 130 LJB.
884 89 1042 131 XVI.
1144 91 1183 133 v
1241 93 1259 134 1
1318 94 1342 135 s
1401 66 1448 136 U·
1497 95 1534 136 S.

288 186 397 234 pebra
431 186 533 224 tertia
569 184 726 225 sufficiat.
808 186 981 227 Lucidam
1009 188 1257 228 Choroideam
1298 191 1338 229 in
1367 191 1442 230 aliis
1487 192 1698 233 animalibus
1745 193 1880 245 aliquid

290 244 457 282 conferre
494 246 653 289 creditur
672 247 688 294 (
705 246 767 294 p).

348 303 389 341 Id
430 303 493 341 nisi
536 305 738 354 praeiisiium
774 305 948 345 haberent
984 319 1029 345 ex
1067 310 1225 348 tenebris
1266 309 1396 348 redditi
1437 313 1616 352 continuo
1660 325 1883 351 excaecaren-

288 368 347 401 tur
377 364 430 410 (q
449 364 487 409 )‚
529 372 590 403 aut
621 373 717 403 certe
749 368 1033 415 percellerentur
1064 368 1159 418 quasi
1190 369 1342 407 fulmine
1375 371 1455 408 tatii
1494 373 1609 421 (r),
1657 382 1718 411 aut
1755 374 1880 411 animo

286 422 537 472 linquerentur
567 424 665 472 (s),
715 425 752 462 δε
779 427 1011 464 vehementer
1049 425 1216 466 dolerent
1255 428 1349 479 (t).
1417 430 1515 469 Inter
1569 434 1663 470 cauti
1694 432 1877 482 Tyranni,

286 480 555 520 D10Nrsrr
585 483 645 532 (u
670 484 717 531 )‚
782 492 964 523 tormenta
1004 495 1077 525 erat
1102 515 1112 530 ‚
1178 488 1368 525 hominem
1420 491 1456 527 in
1495 503 1675 528 carcerem
1725 493 1881 529 tenebri-

287 540 414 579 cosum
429 542 593 585 trudere,
629 543 761 581 deinde
784 544 902 584 subito
931 545 1003 583 luci
1028 559 1212 596 exponere
1246 548 1401 597 fulgidae.
1465 548 1604 600 Pupilla
1619 553 1715 588 enim
1733 553 1881 589 intene-

283 600 357 637 bris
388 600 621 639 vehementer
646 603 787 641 dilatata
807 633 816 647 ‚
866 617 944 642 non
983 607 1029 644 ita
1057 606 1175 644 subito
1207 607 1333 656 stringi
1361 609 1499 657 potest,
1538 609 1660 648 &lux
1695 610 1738 648 ad
1776 609 1881 648 sensi-

285 658 449 697 lissimam
480 662 632 700 retinam
663 662 782 700 subito
817 662 983 706 admissa,
1034 672 1193 704 teneram
1228 678 1394 705 nerveam
1412 668 1559 717 pulpam
1583 681 1676 718 pene
1704 670 1872 708 amburit.

284 718 375 757 Ideo
401 719 508 757 etiam
544 723 609 764 iis,
647 723 779 772 quibus
804 736 821 762 a
850 722 1010 773 deposita
1051 725 1218 763 cataracta
1238 727 1386 765 intimus
1421 728 1548 767 oculus
1581 728 1702 767 lucem
1740 729 1873 767 admit-

285 779 350 823 tit,
377 778 564 818 necessaria
598 780 677 819 sunt
720 783 1001 831 umbraculam
1022 785 1052 830 ).
1106 784 1205 822 Nam
1236 786 1272 823 Sc
1306 786 1425 824 bonus
1459 788 1618 830 oculm,
1669 790 1735 837 qui
1779 788 1877 826 elau-

285 837 341 877 sus
370 838 458 882 fuit,
503 841 651 889 quando
695 843 876 893 aperitur,
922 842 1107 891 fulgorem
1131 843 1229 894 quasi
1261 844 1458 885 adamantis
1490 847 1588 886 videt
1615 849 1694 898 (y)
1723 876 1733 891 ,
1771 859 1790 885 a
1826 847 1882 886 lu-

287 908 331 935 ce
355 899 490 936 reduci.

344 956 386 995 In
419 957 581 1006 perfectis
614 960 712 997 enim
742 961 898 999 tenebris
935 963 982 1000 ita
1012 961 1206 1002 dilatantur
1240 965 1347 1002 etiam
1384 965 1528 1003 homini
1553 965 1725 1016 pupillae,
1760 973 1800 1005 ut
1817 965 1880 1004 de-

282 1017 396 1066 nique
424 1018 460 1054 in
483 1017 713 1057 subterraneo
748 1031 888 1058 carcere
915 1021 1031 1059 homo
1066 1022 1126 1060 ille
1159 1024 1290 1061 ssovr
1307 1035 1466 1062 EANUS
1489 1027 1578 1072 (z)
1613 1037 1733 1063 mures
1773 1025 1870 1075 ipsos

287 1076 545 1124 distingueret,
580 1078 722 1117 obscuri
750 1080 886 1117 coloris
911 1080 1053 1119 animal.
1127 1080 1224 1120 Hinc
1247 1084 1356 1121 etiam
1382 1096 1450 1133 pro
1482 1085 1667 1124 nocturnis
1714 1084 1899 1123 observa-'

292 1136 455 1174 tionibus
483 1136 725 1187 Telescopicis
747 1141 868 1177 minor
899 1140 963 1178 lux
988 1141 1182 1190 requiritur
1199 1144 1250 1189 (a
1265 1145 1291 1189 ).
1362 1142 1406 1181 Et
1450 1144 1561 1182 oculo
1578 1173 1588 1188 ,
1649 1146 1713 1194 qui
1745 1144 1882 1183 relaxa-

287 1203 344 1234 tus
368 1195 446 1239 fuit,
473 1197 656 1244 objectum
683 1198 831 1237 nitidius
871 1199 1040 1251 adparet,
1075 1212 1185 1250 quam
1212 1213 1276 1250 per
1308 1201 1545 1252 telescopium
1579 1205 1674 1252 (b).
1740 1203 1786 1241 Ea
1823 1204 1874 1242 est

283 1256 402 1297 ratio,
441 1267 505 1293 cur
535 1268 580 1294 ex
601 1259 757 1295 tenebris
786 1260 824 1296 in
855 1257 975 1297 lucem
996 1258 1221 1308 inspicientes
1262 1262 1392 1300 melius
1431 1263 1619 1301 videamus
1637 1292 1648 1308 ,
1682 1275 1793 1314 quam
1831 1274 1877 1301 ex

291 1313 372 1352 luce
394 1314 583 1364 respetiuri
603 1317 641 1354 in
670 1321 842 1356 tenebras.
910 1318 953 1356 In
988 1320 1144 1356 tenebris
1183 1321 1282 1357 enim
1315 1321 1434 1370 ampla
1460 1324 1595 1372 pupilla
1633 1324 1708 1365 est,
1748 1322 1873 1361 lucido

286 1372 374 1412 loco
398 1375 554 1423 angusti.
621 1375 674 1414 Ex
688 1377 860 1416 cuniculo
879 1378 1114 1427 prospicienti
1130 1379 1304 1417 diurnum
1331 1381 1455 1418 lumen
1470 1382 1609 1430 fulgere
1632 1382 1789 1420 videtur.

343 1433 443 1482 Saepe
459 1437 759 1486 auteminiquum
778 1437 936 1475 duorum
948 1437 1143 1476 oculorum
1164 1439 1276 1476 robur
1300 1438 1366 1476 esse
1388 1440 1552 1489 legimus,
1583 1449 1623 1479 ut
1637 1441 1736 1479 alteri
1758 1441 1870 1480 oculo

283 1492 372 1530 flava
410 1493 490 1540 (c)
532 1493 631 1532 aliter
660 1507 769 1545 quam
805 1495 905 1535 alteri
938 1497 1169 1545 adparerent‚
1214 1498 1251 1534 &
1303 1500 1428 1536 viridia
1462 1499 1675 1538 subcaerulea
1705 1500 1874 1538 videren-

283 1558 365 1589 tur:
420 1553 566 1590 alterive
592 1555 856 1593 rubicundiora
874 1583 884 1599 ,
916 1567 1050 1606 nempe
1070 1558 1183 1605 nugis
1204 1556 1371 1596 sentienti
1390 1556 1446 1610 (d
1462 1559 1490 1606 ).
1566 1558 1707 1599 Dexter
1738 1571 1872 1610 nempe

280 1610 354 1649 fere
371 1611 538 1650 callosior
570 1613 661 1661 (e).

1678 1683 1710 1725 5.
1745 1672 1868 1718 XIV.

321 1776 335 1813 (
380 1776 585 1856 {Paconiu-
613 1779 689 1819 apud
710 1780 908 1814 Mirator-rx
933 1793 961 1822 p.
986 1791 1056 1823 ως.
1107 1783 1239 1816 Bere-‚os
1262 1795 1286 1817 c.
1310 1794 1335 1824 3.

323 1818 371 1858 (q
435 1819 474 1849 La
498 1821 587 1850 Hine
621 1826 730 1859 [κότε.
777 1824 833 1854 Diu
857 1825 924 1855 caeci
953 1826 1119 1856 mmserunt
1156 1822 1344 1865 Loncijmag.
1376 1825 1437 1857 1.c.

348 1861 392 1895 r)
420 1860 608 1891 Giiernfflos
640 1864 718 1900 apud
742 1863 1016 1896 emmormum
1040 1866 1057 1896 l.
1077 1877 1101 1897 c.
1142 1877 1169 1905 p.
1188 1871 1226 1904 69
1263 1868 1327 1898 add.
1351 1868 1466 1898 Bona
1484 1865 1567 1904 final.
1586 1863 1659 1906 caufi
1678 1863 1733 1905 obfi
1754 1876 1801 1903 14.

322 1900 388 1937 (s)
416 1901 631 1932 Knosscxrior
655 1906 742 1933 κυνί),
760 1907 846 1935 anim
879 1917 914 1942 p.
942 1916 987 1943 (3.

323 1941 388 1977 (s)
424 1942 529 1973 SOMIS
557 1945 722 1981 raggionam
751 1956 780 1984 p.
801 1955 852 1984 42.
879 1957 947 1978 cum
980 1957 1102 1979 tremore
1134 1948 1311 1989 pupillarum
1337 1950 1364 1981 δε
1386 1947 1445 1980 visu
1469 1947 1615 1979 obtufiori.
1663 1947 1753 1979 Dolor
1768 1947 1869 1988 capitis

281 1981 436 2013 vehemens
467 1985 495 2013 δε
526 1984 677 2022 glaucoma
702 1986 720 2015 S
762 1986 846 2017 Yvas
873 1998 900 2026 p.
921 1992 991 2027 267.

323 2023 395 2060 (u)
425 2023 653 2056 [neom-iiius
684 2026 712 2056 L.
734 2026 783 2056 IV.
813 2037 838 2059 c.
863 2039 908 2067 19.

322 2064 396 2100 (x)
419 2064 483 2094 Son
510 2067 651 2104 handages
680 2078 706 2106 p.
731 2069 800 2100 2⁶6.

323 2104 395 2141 (y)
430 2105 680 2137 Ροιιτευιειυ
713 2109 738 2139 [Ι
786 2120 815 2149 p.
837 2120 903 2148 ῐις.

323 2147 389 2181 (2)
415 2146 503 2185 Poste.
529 2146 650 2184 offinal
675 2148 763 2189 causes
789 2149 843 2188 obs.
860 2163 910 2190 ¹4·
953 2152 1047 2185 Habet
1070 2154 1160 2186 simile
1195 2154 1362 2196 exemplum
1388 2155 1577 2187 Siuvmns
1616 2153 1753 2193 amblyop.
1785 2158 1814 2188 Ρ.
1837 2162 1865 2189 4.

280 2186 337 2264 sed<
354 2185 435 2216 scena
460 2188 489 2216 in
506 2196 569 2217 arce
593 2189 697 2220 biliil‘e
721 2193 848 2228 ponitur.

325 2268 340 2303 (

321 2351 337 2386 (

321 2394 337 2428 (

350 2228 403 2264 a)
435 2227 709 2260 s'GRAvsszANoss
735 2242 762 2262 n.
786 2242 874 2273 3224.

348 2269 396 2305 h)
433 2270 682 2300 PoKTnvassno
704 2273 722 2302 i.
759 2283 787 2312 p.
815 2281 876 2310 ¹28.

349 2319 363 2339 c

321 1861 336 1893 (

321 2309 336 2345 (

376 2311 388 2346 )
420 2308 623 2340 Roumum
645 2322 668 2342 c.
686 2322 732 2352 27.
767 2324 795 2344 n.
815 2319 843 2345 6.

355 2351 402 2389 a)
436 2350 681 2384 remmam.»
699 2353 720 2386 1.
749 2364 781 2394 p.
799 2364 865 2395 ιςῐο

344 2395 384 2428 e)
411 2397 615 2433 9483481·
