2003 2764
1837 105 1855 119 N

437 166 498 200 xv
770 148 1526 195 PRAEFATIO.

494 247 550 293 Ea
576 246 862 306 experimenti,
883 259 926 289 ut
958 246 1081 302 magis
1115 248 1153 287 &
1168 245 1287 301 magis
1303 259 1324 287 a
1347 248 1471 301 gnaris
1496 246 1585 289 viris
1606 258 1826 304 repetentur
1841 281 1855 302 ,

432 332 501 385 qui
513 327 732 383 chirurgicis
746 325 890 367 cafibus
908 326 1045 366 volent
1063 322 1130 368 uti,
1161 336 1207 364 ea
1219 321 1377 378 quidem
1393 323 1457 364 fibi
1469 324 1553 379 ipsis
1571 326 1671 367 viam
1689 328 1861 383 aperient

431 404 482 447 ad
507 403 792 446 incredulorum
807 399 1017 458 superanda
1034 399 1163 441 dubia.
1223 397 1366 455 Nuper
1385 398 1433 442 H
1447 414 1473 444 υ
1487 412 1519 442 Ν
1532 414 1560 443 Τ
1578 416 1602 445 Ε
1619 415 1645 446 R
1660 415 1673 445 1
1691 435 1702 454 ,
1738 419 1859 461 nuper

343 472 389 516 -⁰
429 479 510 524 CA
524 491 559 523 M
571 490 595 521 P
608 492 631 522 E
645 490 702 522 RI
726 509 736 529 ,
769 493 890 534 nuper
909 475 949 520 C
962 488 991 518 A
1009 487 1076 519 LD
1091 486 1118 517 A
1132 486 1184 517 Nl
1206 475 1243 516 in
1271 475 1494 516 hominibus
1527 477 1701 531 experti,
1737 493 1857 534 nuper

429 552 464 596 B
480 566 503 596 Ε
520 565 584 597 RD
598 566 628 597 o
642 565 671 597 T
689 564 706 595 1
741 554 1003 596 testimonium
1026 551 1158 593 nostris
1193 548 1361 592 acceffit:
1415 550 1512 592 nihil
1545 564 1627 592 non
1665 553 1751 608 post
1790 554 1856 596 ista

427 631 609 685 exempla
634 627 861 687 sperandum
901 629 967 671 est.

494 765 570 809 Sed
602 777 643 807 tu
675 765 827 808 interim
863 766 988 819 jaces,
1025 775 1204 820 regerunt
1228 762 1344 804 amici
1378 761 1496 819 aliqui
1518 794 1529 812 ‚
1570 761 1636 819 qui
1660 776 1750 805 meo
1784 765 1857 805 h0;

425 844 511 886 nori
560 842 741 885 videntur
780 841 899 897 magis
922 854 1042 897 quam
1087 855 1165 896 ego
1201 839 1359 896 quidem
1395 840 1556 881 studere.
1635 837 1703 881 Tu
1747 841 1855 884 audis

421 921 625 972 convicia,
661 926 700 964 δε
736 923 878 978 probas
903 921 1080 966 filendo;
1130 922 1170 960 δε
1214 919 1333 960 nutris
1376 917 1575 960 audaciam
1620 919 1852 972 hominum,

422 999 492 1056 qui
513 999 628 1049 nihil,
665 998 759 1041 dum
791 1009 997 1048 metuunt,
1033 994 1179 1039 audent
1212 996 1357 1038 omnia.

480 1127 537 1171 Ita
566 1129 725 1185 quidem
762 1144 843 1172 rem
876 1127 911 1171 se
938 1129 1080 1172 habere
1107 1130 1314 1185 experior,
1361 1134 1399 1173 &
1440 1142 1570 1175 tamen
1602 1132 1728 1188 priora
1756 1140 1854 1176 con-¹

420 1205 498 1247 filia
519 1219 670 1247 mecum
700 1205 921 1259 praevalent.
975 1203 1084 1247 Mihi
1121 1205 1188 1260 ipfi
1217 1207 1317 1247 malo
1350 1221 1513 1261 parcere.
1575 1208 1675 1252 Non
1704 1209 1850 1265 possem

418 1279 543 1329 forte,
582 1278 675 1320 dum
698 1278 747 1320 ad
766 1278 1006 1320 amariffirnas
1028 1294 1172 1328 voces,
1211 1280 1262 1321 ad
1295 1281 1541 1334 injustiffiinas
1567 1286 1851 1330 criminationes

418 1352 636 1410 respondeo
657 1368 666 1398 ;
701 1356 783 1394 non
812 1352 957 1410 poffern
981 1354 1082 1396 forte
1108 1354 1283 1395 humanis
1308 1357 1444 1397 animis
1463 1358 1634 1401 innatum
1668 1360 1849 1403 dolorem

415 1432 590 1481 evitare,
621 1434 662 1472 &
693 1431 862 1487 aliquam
896 1432 934 1472 in
959 1429 1233 1486 respondendo
1272 1433 1535 1477 acrimoniam.
1599 1434 1723 1480 Nune
1761 1438 1848 1494 qui-

346 1504 386 1541 0
415 1510 507 1551 dem
536 1510 662 1550 multo
692 1509 786 1550 mihi
815 1508 1052 1551 tolerabilius
1084 1510 1163 1558 est,
1204 1506 1505 1551 adversariorum
1540 1511 1608 1551 iras
1637 1511 1686 1553 ad
1717 1514 1846 1566 poste-

416 1599 481 1628 ros
501 1585 685 1634 transire,
722 1598 842 1640 quam
863 1584 1022 1641 quidem
1045 1598 1161 1626 meas.
1219 1584 1348 1627 Omni
1376 1586 1557 1628 doctrinae
1580 1587 1693 1630 laude
1721 1590 1844 1631 multo

418 1664 514 1706 mihi
547 1666 668 1717 majas
702 1663 880 1710 videtur,
930 1664 1081 1704 bonum
1133 1662 1257 1704 virum
1288 1661 1380 1709 effe,
1408 1667 1446 1704 δε
1475 1665 1591 1706 etiam
1623 1662 1845 1707 adversariis

358 1795 362 1800 ⁷
410 1751 596 1793 aequum‚·
632 1738 801 1793 denique
839 1736 865 1778 fi
892 1737 1032 1778 vitium
1066 1737 1108 1777 in
1130 1745 1175 1777 ea
1199 1738 1344 1778 virtute
1359 1735 1431 1779 effe
1454 1738 1602 1793 potest,
1634 1739 1746 1779 nimis
1768 1739 1843 1781 bo-

415 1826 522 1854 num.
567 1810 739 1856 Gravem
766 1810 840 1854 effe
868 1812 1032 1853 inimicis
1055 1842 1067 1861 ,
1106 1813 1146 1852 δε
1180 1810 1433 1852 metuendum
1463 1812 1561 1852 male
1589 1811 1754 1860 meritis,
1788 1807 1845 1852 fa-

409 1891 493 1932 -cilis
524 1891 577 1931 est
611 1887 800 1945 persona,
846 1902 997 1942 neque,
1042 1900 1086 1928 ut
1114 1887 1410 1938 maledicamus,
1446 1889 1612 1931 multum
1637 1887 1841 1946 requiritur⁴

348 1968 350 1972 ’
409 1968 578 2026 ingenii,
614 1966 773 2025 quando
801 1967 851 2010 ab
881 1967 1151 2023 indignatione
1179 1967 1419 2021 adjuvamur.

470 2104 577 2164 Quae
610 2116 738 2146 tamen
769 2105 808 2146 in
835 2102 1165 2148 HAENIANO
1199 2107 1318 2160 (4)
1360 2118 1481 2161 nuper
1518 2101 1656 2146 libello
1688 2100 1838 2158 possent

406 2179 456 2222 ad
488 2179 634 2222 causam
666 2177 781 2235 ipsam
813 2179 964 2230 facere,
1003 2196 1047 2224 ea
1076 2182 1227 2238 quaesivi
1254 2180 1433 2224 sollicitus
1452 2214 1462 2231 ,
1498 2184 1538 2222 &
1563 2180 1675 2222 amici
1705 2178 1837 2235 quaefi-

407 2268 558 2298 verunt.
622 2253 938 2312 Experimentum
974 2257 1033 2300 vir
1064 2256 1129 2300 CL
1162 2259 1325 2316 protulit
1345 2257 1518 2309 nullum,
1564 2255 1632 2299 nifi
1662 2254 1704 2297 id
1741 2254 1838 2294 velis

1726 2324 1836 2383 quod

442 2436 514 2478 μ)
541 2440 675 2473 Vindiciae
697 2441 753 2473 ἃς,
786 2440 888 2474 vienn.
914 2443 1006 2483 1762.
1025 2449 1053 2481 8.
