2003 2764
312 79 388 116 ηε
646 66 782 107 LIB.
823 65 991 115 XIII.
1085 66 1122 107 G
1179 66 1218 106 U
1277 67 1302 107 S
1361 67 1395 107 T
1454 66 1492 108 U
1552 67 1587 108 S.

837 189 870 232 §.
904 184 979 224 IV.
1049 185 1206 234 Corpora
1229 185 1367 236 sapida.

369 306 505 347 Acidus
538 305 641 356 sapor
661 303 800 342 habitat
833 304 873 341 in
906 316 1039 353 genere
1069 305 1285 353 vegetabili,
1323 306 1421 343 &in
1449 317 1494 344 eo
1527 306 1745 345 dominatur.
1818 307 1905 346 Fru-

311 368 385 407 &us
408 368 531 405 horaei
551 393 559 407 .
603 363 674 401 five
706 362 855 414 pulposa
883 364 1136 412 conceptaculi
1174 365 1349 403 seminalis
1386 367 1423 402 in
1453 366 1641 404 arboribus
1682 367 1906 416 polystemoev

306 428 414 466 nibus
447 425 663 466 involucra,
704 435 833 462 omnes
871 423 907 460 δε
939 423 1062 472 aliquo
1083 426 1119 460 in
1149 424 1262 461 stadio
1288 425 1380 461 acidi
1411 424 1574 467 fuerunt,
1610 427 1644 462 &
1663 438 1791 464 eorum
1811 426 1905 463 succi

306 488 346 527 in
376 496 522 524 acorem
558 483 720 521 redeunt.
804 482 863 520 Sic
896 482 1086 520 baccarum
1111 483 1347 530 plurimarum
1380 483 1481 530 sapor
1527 492 1586 522 aut
1613 484 1739 535 sponte
1778 485 1904 522 aridus

307 546 357 584 est
376 573 385 588 ,
429 554 490 583 aut
518 555 582 592 per
607 541 927 580 fermentationem
959 554 996 579 in
1023 543 1168 580 acidum
1194 542 1321 579 transit.
1393 542 1519 581 Farina
1565 543 1766 592 plantarum
1813 556 1902 581 cum

303 616 399 653 ,aqua
444 603 546 641 mista
597 602 671 640 abit
705 603 741 638 in
775 612 949 643 acorem,
1007 601 1042 638 &
1084 601 1285 639 cerevisiam
1334 612 1505 649 generat,
1555 603 1590 639 &
1623 603 1707 640 inde
1749 611 1900 640 acetum.

305 662 424 705 Etiam
469 674 566 700 acres
608 661 737 709 plantae
774 660 883 697 acidae
917 668 1050 697 naturae
1099 658 1180 698 sunt
1212 663 1421 710 participes,
1462 672 1500 699 ut
1536 661 1656 711 Sinapi
1680 691 1688 705 ‚
1727 663 1901 711 aliaeque,

307 734 388 772 quae
418 729 540 759 tamen
583 720 645 757 sibi
679 718 851 768 peimiffae
884 719 1103 768 putrescunt.
1169 721 1205 757 Si
1231 721 1276 757 de
1298 721 1416 768 planta
1449 720 1565 769 aliqua
1604 722 1783 769 liquorem
1819 722 1905 769 igne

301 782 492 830 abegeris,
525 793 564 818 ea
593 781 748 817 omnino
779 780 858 828 plus
891 779 1009 820 dabit,
1055 781 1240 822 minusve,
1268 780 1406 829 spiritus
1442 779 1536 821 rufi,
1571 781 1608 819 in
1632 792 1707 829 quo
1736 793 1821 818 acor
1842 781 1900 818 est.

361 840 411 893 ἶΙιι
445 851 561 889 regno
585 839 728 876 animali
762 838 930 887 parcior,
983 838 1138 886 superest
1167 847 1288 876 tamen
1327 851 1409 876 acor
1452 841 1489 876 in
1538 840 1668 877 eodem
1712 840 1794 878 rufo
1838 839 1904 888 spi-

308 901 380 938 ritu
405 902 486 948 (u)
527 899 680 948 partium
726 897 954 940 animalium,
1002 899 1040 934 in
1067 900 1192 947 adipe,
1238 900 1272 935 δι
1314 900 1388 946 ejus
1411 898 1578 947 liquore,
1609 901 1646 935 in
1676 898 1787 936 succis
1816 900 1904 936 acri-

308 957 474 1009 bus(x)
507 957 773 996 nonnullorum
799 957 1029 999 animalium,
1071 958 1106 994 &
1153 959 1316 1006 inprimis
1347 960 1384 994 in
1423 957 1533 1000 lacte,
1590 958 1691 1007 quod
1732 961 1902 995 omnium

309 1018 497 1067 liquorum
531 1020 691 1067 primum
728 1015 878 1058 acescit,
921 1016 975 1054 vel
1008 1027 1053 1053 ex
1080 1017 1151 1054 sola
1176 1018 1266 1060 aeris
1299 1025 1432 1055 mutata
1472 1019 1672 1067 temperie,
1721 1030 1800 1068 quae
1828 1030 1846 1055 a

306 1079 447 1115 tonitru
478 1076 645 1126 sequitur.

367 1136 465 1174 Inter
501 1135 583 1173 sales
610 1135 716 1184 primi
753 1135 896 1182 generis
928 1134 977 1170 est
1006 1133 1066 1171 ille
1099 1133 1145 1171 sal
1193 1133 1342 1178 acidus,
1387 1136 1449 1184 qui
1486 1147 1549 1184 per
1580 1147 1697 1172 aerem
1717 1136 1824 1183 (y),
1867 1135 1904 1172 δι

304 1207 415 1244 aquas
450 1195 621 1244 plurimas
671 1195 837 1234 obri-rat,
899 1194 934 1230 &
969 1205 1053 1230 cum
1088 1195 1190 1231 variis
1223 1196 1323 1231 terris
1357 1196 1466 1231 acidae
1498 1204 1630 1233 naturae
1673 1194 1756 1232 sales
1792 1196 1904 1240 facit,

307 1255 526 1299 vitrioluni,
556 1253 724 1294 alumen,
761 1253 922 1294 nitrum,
972 1252 1077 1288 salem
1108 1254 1314 1295 marinum,
1365 1264 1410 1290 ex
1442 1255 1571 1302 quibus
1599 1255 1771 1292 omnibus
1810 1254 1904 1291 solus

305 1315 403 1362 ignis
435 1325 581 1350 acorem
610 1310 894 1361 potentiffimum
926 1312 1114 1359 exprimat.
1174 1311 1275 1348 ldem
1309 1311 1431 1360 sapore
1471 1312 1534 1350 suo
1574 1325 1681 1361 aquas
1714 1313 1904 1350 minerales

304 1374 544 1422 impraegnat,
584 1373 634 1408 uti
667 1382 789 1411 nunc,
825 1369 906 1418 post
942 1369 991 1407 lli.
1022 1370 1110 1407 olim
1144 1370 1316 1408 Saleii
1370 1371 1721 1413 demonstrationes,
1764 1385 1783 1410 a
1810 1371 1904 1410 CA-

307 1444 437 1469 Roro
476 1431 608 1469 LUCA
644 1429 829 1467 manifesto
866 1429 1103 1466 constitutum
1130 1430 1189 1467 est.
1241 1429 1283 1466 ln
1302 1430 1475 1478 Spadanis
1507 1434 1603 1468 enim
1639 1432 1740 1479 aquis
1769 1431 1903 1469 halitus

305 1492 449 1529 summo
475 1502 580 1527 mane
625 1490 833 1538 exploratus
867 1488 1038 1537 l'yrupum
1083 1490 1259 1526 violarum
1293 1491 1404 1526 rubro
1441 1490 1567 1528 colore
1612 1491 1753 1528 imbuit.
1832 1490 1902 1528 Sed

304 1552 411 1588 etiarn
443 1552 479 1586 in
507 1550 640 1587 marina
672 1560 762 1597 aqua
790 1547 885 1584 idem
920 1560 1005 1585 acor
1040 1548 1356 1597 percipiturwr).

366 1609 494 1648 Dulcis
523 1608 623 1656 sapor
645 1636 654 1650 ,
691 1606 751 1645 etsi
787 1606 919 1654 linguae
949 1606 1147 1656 plurimum
1181 1608 1322 1645 viderur
1354 1609 1398 1645 ab
1428 1607 1534 1646 acido
1563 1608 1731 1651 differre,
1772 1607 1902 1657 reipsa

303 1681 431 1718 parum
464 1668 620 1709 differt,
659 1677 778 1715 neque
811 1667 944 1713 absque
979 1666 1171 1715 conspicua
1201 1668 1365 1704 aciditate
1393 1667 1493 1705 facile
1532 1667 1716 1717 reperitur.
1763 1666 1901 1705 Dulces

303 1729 422 1766 baecae
448 1728 526 1766 sunt
559 1726 763 1775 fructusque
791 1725 900 1762 horaei
917 1755 925 1768 ,
961 1727 996 1762 in
1021 1727 1120 1763 brevi
1145 1726 1210 1765 suae
1241 1727 1439 1765 durationis
1456 1727 1594 1774 stadi03
1649 1739 1733 1764 nam
1761 1738 1805 1764 ex
1831 1727 1902 1764 aci-

304 1787 446 1824 dissimo
476 1787 674 1835 omphacio
697 1788 823 1822 vinum
848 1784 1088 1823 dulcissinium
1120 1798 1137 1823 a
1164 1786 1233 1823 sole
1261 1795 1421 1833 paratur,
1453 1786 1624 1835 idemque
1646 1788 1683 1823 in
1715 1797 1899 1823 meracum

303 1859 449 1884 acorem
473 1849 562 1883 aceti
584 1845 710 1895 sponte
735 1845 846 1881 redit:
885 1846 1083 1892 eademque
1127 1845 1175 1882 est
1205 1841 1386 1887 sarchan,
1427 1846 1462 1882 ἃ.
1500 1845 1636 1886 mellis,
1673 1847 1707 1881 &
1729 1846 1900 1882 omnium

304 1916 475 1942 verorum
512 1904 672 1942 dulcium
704 1902 1018 1951 metamorphosis.
1081 1903 1371 1954 Qiamprinium
1397 1902 1491 1953 ignis
1521 1902 1680 1947 accessit,
1717 1905 1823 1941 etiam
1855 1903 1900 1940 de

304 1963 509 2003 dulcissimis
538 1964 630 2002 acidi
655 1962 813 2013 liquores
836 1962 965 2001 stillant
987 1963 1079 2009 (z).
1827 2019 1851 2058 S
1876 2019 1899 2058 d

1854 2032 1872 2058 e

342 2187 411 2224 (a)
436 2187 468 2218 1„
482 2187 516 2217 V.
546 2198 576 2225 p.
591 2196 656 2217 102.

341 2227 385 2263 (x
403 2229 417 2264 )
437 2239 463 2266 p.
489 2238 533 2260 οι.
550 2237 599 2263 92.

343 2269 412 2306 (y)
442 2267 561 2300 L-VHI.
586 2278 615 2307 p.
656 2277 722 2305 2¹9·
745 2267 818 2305 seqq.

341 2308 428 2346 (Γ)
461 2310 619 2339 WALLni
643 2310 679 2339 ad
707 2308 870 2338 HiAssRNz
897 2317 922 2343 p.
943 2311 993 2343 64,

341 2352 411 2388 (z)
436 2351 600 2382 Bonmcn
631 2352 664 2380 de
681 2355 779 2379 natur.
807 2349 914 2379 dulced.
939 2359 966 2387 p.
984 2352 1030 2387 69.
