<?xml version="1.0" encoding="UTF-8"?>
<!DOCTYPE html PUBLIC "-//W3C//DTD XHTML 1.0 Transitional//EN"
    "http://www.w3.org/TR/xhtml1/DTD/xhtml1-transitional.dtd">
<html xmlns="http://www.w3.org/1999/xhtml" xml:lang="en" lang="en">
 <head>
  <title>
</title>
<meta http-equiv="Content-Type" content="text/html;charset=utf-8" />
  <meta name='ocr-system' content='tesseract 3.04.00' />
  <meta name='ocr-capabilities' content='ocr_page ocr_carea ocr_par ocr_line ocrx_word'/>
</head>
<body>
  <div class='ocr_page' id='page_1' title='image "./elementaphysiolo05hall_0638.png"; bbox 0 0 2003 2764; ppageno 0'>
   <div class='ocr_carea' id='block_1_1' title="bbox 224 106 1674 167">
    <p class='ocr_par' dir='ltr' id='par_1_1' title="bbox 224 106 1674 167">
     <span class='ocr_line' id='line_1_1' title="bbox 224 106 1674 167; baseline 0.003 -8"><span class='ocrx_word' id='word_1_1' title='bbox 224 127 310 167; x_wconf 60' lang='grc' dir='ltr'>ω,</span> <span class='ocrx_word' id='word_1_2' title='bbox 420 114 552 156; x_wconf 74' lang='grc' dir='ltr'>ιιΒ.</span> <span class='ocrx_word' id='word_1_3' title='bbox 601 114 791 160; x_wconf 79' lang='lat' dir='ltr'><em>XVII.</em></span> <span class='ocrx_word' id='word_1_4' title='bbox 854 116 1187 160; x_wconf 68' lang='lat' dir='ltr'>snnsus</span> <span class='ocrx_word' id='word_1_5' title='bbox 1247 106 1674 164; x_wconf 58' lang='grc' dir='ltr'>ῙΝΤΕΕΝΙ.Θ</span> 
     </span>
    </p>
   </div>
   <div class='ocr_carea' id='block_1_2' title="bbox 204 213 1811 326">
    <p class='ocr_par' dir='ltr' id='par_1_2' title="bbox 204 213 1811 326">
     <span class='ocr_line' id='line_1_2' title="bbox 204 213 1811 271; baseline 0.003 -18"><span class='ocrx_word' id='word_1_6' title='bbox 204 227 310 255; x_wconf 84' lang='lat' dir='ltr'>mum</span> <span class='ocrx_word' id='word_1_7' title='bbox 340 213 524 256; x_wconf 71' lang='lat' dir='ltr'>somnium</span> <span class='ocrx_word' id='word_1_8' title='bbox 551 226 570 253; x_wconf 88' lang='lat' dir='ltr'>a</span> <span class='ocrx_word' id='word_1_9' title='bbox 597 214 721 255; x_wconf 83' lang='lat' dir='ltr'>calore</span> <span class='ocrx_word' id='word_1_10' title='bbox 753 214 873 260; x_wconf 81' lang='lat' dir='ltr'>nasci,</span> <span class='ocrx_word' id='word_1_11' title='bbox 907 217 945 256; x_wconf 67' lang='grc' dir='ltr'>ἃ</span> <span class='ocrx_word' id='word_1_12' title='bbox 974 216 1074 257; x_wconf 87' lang='lat' dir='ltr'>aliud</span> <span class='ocrx_word' id='word_1_13' title='bbox 1108 216 1251 267; x_wconf 64' lang='lat' dir='ltr'>dejecto</span> <span class='ocrx_word' id='word_1_14' title='bbox 1276 218 1444 259; x_wconf 89' lang='lat' dir='ltr'>interiori</span> <span class='ocrx_word' id='word_1_15' title='bbox 1476 219 1661 271; x_wconf 78' lang='lat' dir='ltr'>stragulo,</span> <span class='ocrx_word' id='word_1_16' title='bbox 1700 231 1721 260; x_wconf 86' lang='lat' dir='ltr'>a</span> <span class='ocrx_word' id='word_1_17' title='bbox 1749 218 1811 259; x_wconf 86' lang='lat' dir='ltr'>fri</span> 
     </span>
     <span class='ocr_line' id='line_1_3' title="bbox 215 273 749 326; baseline -0.002 -11"><span class='ocrx_word' id='word_1_18' title='bbox 215 287 307 326; x_wconf 81' lang='lat' dir='ltr'>gore</span> <span class='ocrx_word' id='word_1_19' title='bbox 337 274 371 315; x_wconf 85' lang='lat' dir='ltr'>se</span> <span class='ocrx_word' id='word_1_20' title='bbox 402 273 592 314; x_wconf 81' lang='lat' dir='ltr'>inmiscere</span> <span class='ocrx_word' id='word_1_21' title='bbox 623 276 641 323; x_wconf 92' lang='lat'>(</span> <span class='ocrx_word' id='word_1_22' title='bbox 658 286 686 323; x_wconf 76' lang='lat' dir='ltr'><em>y</em></span> <span class='ocrx_word' id='word_1_23' title='bbox 721 273 749 323; x_wconf 87' lang='lat'>).</span> 
     </span>
    </p>
   </div>
   <div class='ocr_carea' id='block_1_3' title="bbox 769 393 1235 443">
    <p class='ocr_par' dir='ltr' id='par_1_3' title="bbox 769 393 1235 443">
     <span class='ocr_line' id='line_1_4' title="bbox 769 393 1235 443; baseline 0.002 -8"><span class='ocrx_word' id='word_1_24' title='bbox 769 397 804 443; x_wconf 71' lang='lat' dir='ltr'>S.</span> <span class='ocrx_word' id='word_1_25' title='bbox 838 393 882 436; x_wconf 94' lang='lat' dir='ltr'>X</span> <span class='ocrx_word' id='word_1_26' title='bbox 895 393 943 435; x_wconf 92' lang='lat' dir='ltr'>V.</span> <span class='ocrx_word' id='word_1_27' title='bbox 1016 395 1072 435; x_wconf 79' lang='lat' dir='ltr'>De</span> <span class='ocrx_word' id='word_1_28' title='bbox 1102 397 1235 436; x_wconf 80' lang='lat' dir='ltr'>iisdem.</span> 
     </span>
    </p>
   </div>
   <div class='ocr_carea' id='block_1_4' title="bbox 200 512 1816 1996">
    <p class='ocr_par' dir='ltr' id='par_1_4' title="bbox 200 512 1810 985">
     <span class='ocr_line' id='line_1_5' title="bbox 263 512 1806 569; baseline 0.003 -15"><span class='ocrx_word' id='word_1_29' title='bbox 263 515 531 566; x_wconf 85' lang='lat' dir='ltr'>Frequentiora</span> <span class='ocrx_word' id='word_1_30' title='bbox 571 514 649 553; x_wconf 86' lang='lat' dir='ltr'>dixi</span> <span class='ocrx_word' id='word_1_31' title='bbox 669 512 819 555; x_wconf 83' lang='lat' dir='ltr'>somnia&#39;</span> <span class='ocrx_word' id='word_1_32' title='bbox 846 528 866 554; x_wconf 89' lang='lat' dir='ltr'>a</span> <span class='ocrx_word' id='word_1_33' title='bbox 901 517 1060 568; x_wconf 88' lang='lat' dir='ltr'>vestigiis</span> <span class='ocrx_word' id='word_1_34' title='bbox 1089 514 1185 569; x_wconf 83' lang='lat' dir='ltr'>(z)</span> <span class='ocrx_word' id='word_1_35' title='bbox 1228 518 1267 555; x_wconf 92' lang='lat' dir='ltr'>in</span> <span class='ocrx_word' id='word_1_36' title='bbox 1299 517 1490 558; x_wconf 87' lang='lat' dir='ltr'>cerebrum</span> <span class='ocrx_word' id='word_1_37' title='bbox 1521 518 1675 569; x_wconf 85' lang='lat' dir='ltr'>receptis</span> <span class='ocrx_word' id='word_1_38' title='bbox 1701 517 1806 558; x_wconf 81' lang='lat' dir='ltr'>nasci.</span> 
     </span>
     <span class='ocr_line' id='line_1_6' title="bbox 200 573 1807 628; baseline 0.001 -14"><span class='ocrx_word' id='word_1_39' title='bbox 200 574 377 625; x_wconf 80' lang='lat' dir='ltr'>Pleraque</span> <span class='ocrx_word' id='word_1_40' title='bbox 407 587 487 614; x_wconf 83' lang='lat' dir='ltr'>mea</span> <span class='ocrx_word' id='word_1_41' title='bbox 519 573 660 625; x_wconf 81' lang='lat' dir='ltr'>somnia</span> <span class='ocrx_word' id='word_1_42' title='bbox 685 575 869 616; x_wconf 86' lang='lat' dir='ltr'>versantur</span> <span class='ocrx_word' id='word_1_43' title='bbox 900 578 994 616; x_wconf 81' lang='lat' dir='ltr'>circa</span> <span class='ocrx_word' id='word_1_44' title='bbox 1025 588 1130 616; x_wconf 83' lang='lat' dir='ltr'>curas</span> <span class='ocrx_word' id='word_1_45' title='bbox 1175 588 1434 628; x_wconf 83' lang='lat' dir='ltr'>quascunque,</span> <span class='ocrx_word' id='word_1_46' title='bbox 1482 589 1562 627; x_wconf 87' lang='lat' dir='ltr'>quae</span> <span class='ocrx_word' id='word_1_47' title='bbox 1588 578 1700 616; x_wconf 61' lang='lat' dir='ltr'>noctu</span> <span class='ocrx_word' id='word_1_48' title='bbox 1731 577 1807 616; x_wconf 90' lang='lat' dir='ltr'>for-</span> 
     </span>
     <span class='ocr_line' id='line_1_7' title="bbox 201 633 1807 688; baseline 0.002 -16"><span class='ocrx_word' id='word_1_49' title='bbox 201 637 312 673; x_wconf 80' lang='lat' dir='ltr'><strong>tiores</strong></span> <span class='ocrx_word' id='word_1_50' title='bbox 338 635 502 673; x_wconf 85' lang='lat' dir='ltr'>redeunt.</span> <span class='ocrx_word' id='word_1_51' title='bbox 569 634 622 672; x_wconf 81' lang='lat' dir='ltr'>lta</span> <span class='ocrx_word' id='word_1_52' title='bbox 651 633 816 674; x_wconf 73' lang='lat' dir='ltr'>amissum</span> <span class='ocrx_word' id='word_1_53' title='bbox 846 637 1031 680; x_wconf 79' lang='lat' dir='ltr'>amicum,</span> <span class='ocrx_word' id='word_1_54' title='bbox 1070 634 1229 675; x_wconf 76' lang='lat' dir='ltr'>amissam</span> <span class='ocrx_word' id='word_1_55' title='bbox 1262 636 1545 688; x_wconf 64' lang='lat' dir='ltr'>suppellectilem</span> <span class='ocrx_word' id='word_1_56' title='bbox 1575 650 1640 688; x_wconf 88' lang='lat' dir='ltr'>per</span> <span class='ocrx_word' id='word_1_57' title='bbox 1666 637 1807 676; x_wconf 85' lang='lat' dir='ltr'>somnia</span> 
     </span>
     <span class='ocr_line' id='line_1_8' title="bbox 201 694 1810 747; baseline 0.002 -15"><span class='ocrx_word' id='word_1_58' title='bbox 201 695 386 741; x_wconf 68' lang='lat' dir='ltr'>revide333</span> <span class='ocrx_word' id='word_1_59' title='bbox 420 696 468 734; x_wconf 85' lang='lat' dir='ltr'>ita</span> <span class='ocrx_word' id='word_1_60' title='bbox 499 694 642 732; x_wconf 88' lang='lat' dir='ltr'>inimici</span> <span class='ocrx_word' id='word_1_61' title='bbox 675 695 782 733; x_wconf 78' lang='lat' dir='ltr'>exosa</span> <span class='ocrx_word' id='word_1_62' title='bbox 809 696 934 745; x_wconf 82' lang='lat' dir='ltr'>imago</span> <span class='ocrx_word' id='word_1_63' title='bbox 962 696 1040 745; x_wconf 77' lang='lat' dir='ltr'>per}</span> <span class='ocrx_word' id='word_1_64' title='bbox 1062 695 1201 734; x_wconf 84' lang='lat' dir='ltr'>somnia</span> <span class='ocrx_word' id='word_1_65' title='bbox 1230 707 1299 734; x_wconf 83' lang='lat' dir='ltr'>nos</span> <span class='ocrx_word' id='word_1_66' title='bbox 1334 696 1578 747; x_wconf 79' lang='lat' dir='ltr'><strong>persequitur:</strong></span> <span class='ocrx_word' id='word_1_67' title='bbox 1633 698 1670 735; x_wconf 63' lang='grc' dir='ltr'>ὃς</span> <span class='ocrx_word' id='word_1_68' title='bbox 1706 697 1810 747; x_wconf 84' lang='lat' dir='ltr'>plan-</span> 
     </span>
     <span class='ocr_line' id='line_1_9' title="bbox 202 753 1806 807; baseline 0.002 -15"><span class='ocrx_word' id='word_1_69' title='bbox 202 761 321 793; x_wconf 74' lang='lat' dir='ltr'>tarum</span> <span class='ocrx_word' id='word_1_70' title='bbox 349 766 454 792; x_wconf 87' lang='lat' dir='ltr'>amor</span> <span class='ocrx_word' id='word_1_71' title='bbox 481 765 541 792; x_wconf 86' lang='lat' dir='ltr'>me</span> <span class='ocrx_word' id='word_1_72' title='bbox 568 753 671 793; x_wconf 89' lang='lat' dir='ltr'>ducit</span> <span class='ocrx_word' id='word_1_73' title='bbox 705 766 771 807; x_wconf 84' lang='lat' dir='ltr'>per</span> <span class='ocrx_word' id='word_1_74' title='bbox 799 757 886 794; x_wconf 82' lang='lat' dir='ltr'>avia.</span> <span class='ocrx_word' id='word_1_75' title='bbox 951 755 994 793; x_wconf 90' lang='lat' dir='ltr'>ld</span> <span class='ocrx_word' id='word_1_76' title='bbox 1017 756 1066 794; x_wconf 86' lang='lat' dir='ltr'>est</span> <span class='ocrx_word' id='word_1_77' title='bbox 1092 768 1156 795; x_wconf 89' lang='lat' dir='ltr'>cur</span> <span class='ocrx_word' id='word_1_78' title='bbox 1168 754 1320 802; x_wconf 38' lang='lat' dir='ltr'>‘somnia</span> <span class='ocrx_word' id='word_1_79' title='bbox 1345 757 1522 805; x_wconf 84' lang='lat' dir='ltr'>imagines</span> <span class='ocrx_word' id='word_1_80' title='bbox 1538 756 1692 796; x_wconf 81' lang='lat' dir='ltr'>visibiles</span> <span class='ocrx_word' id='word_1_81' title='bbox 1712 757 1806 806; x_wconf 80' lang='lat' dir='ltr'><strong>(a),</strong></span> 
     </span>
     <span class='ocr_line' id='line_1_10' title="bbox 204 813 1809 866; baseline 0.001 -14"><span class='ocrx_word' id='word_1_82' title='bbox 204 814 242 852; x_wconf 87' lang='lat'>&amp;</span> <span class='ocrx_word' id='word_1_83' title='bbox 273 814 457 863; x_wconf 82' lang='lat' dir='ltr'>loquelam</span> <span class='ocrx_word' id='word_1_84' title='bbox 489 813 563 851; x_wconf 89' lang='lat' dir='ltr'>fere</span> <span class='ocrx_word' id='word_1_85' title='bbox 589 814 697 851; x_wconf 87' lang='lat' dir='ltr'>nobis</span> <span class='ocrx_word' id='word_1_86' title='bbox 735 814 824 854; x_wconf 74' lang='lat' dir='ltr'>solas</span> <span class='ocrx_word' id='word_1_87' title='bbox 853 821 1053 859; x_wconf 81' lang='lat' dir='ltr'>revocent,</span> <span class='ocrx_word' id='word_1_88' title='bbox 1100 827 1181 854; x_wconf 86' lang='lat' dir='ltr'>raro</span> <span class='ocrx_word' id='word_1_89' title='bbox 1207 816 1359 859; x_wconf 86' lang='lat' dir='ltr'>cibum,</span> <span class='ocrx_word' id='word_1_90' title='bbox 1393 824 1549 866; x_wconf 85' lang='lat' dir='ltr'>potum,</span> <span class='ocrx_word' id='word_1_91' title='bbox 1578 817 1809 866; x_wconf 87' lang='lat' dir='ltr'>egestionem</span> 
     </span>
     <span class='ocr_line' id='line_1_11' title="bbox 205 872 1809 926; baseline 0.002 -15"><span class='ocrx_word' id='word_1_92' title='bbox 205 872 436 911; x_wconf 77' lang='lat' dir='ltr'>neceffariam</span> <span class='ocrx_word' id='word_1_93' title='bbox 464 873 623 916; x_wconf 79' lang='lat' dir='ltr'>faecum,</span> <span class='ocrx_word' id='word_1_94' title='bbox 661 885 783 923; x_wconf 84' lang='lat' dir='ltr'>neque</span> <span class='ocrx_word' id='word_1_95' title='bbox 815 873 880 912; x_wconf 82' lang='lat' dir='ltr'>nisi</span> <span class='ocrx_word' id='word_1_96' title='bbox 905 885 951 912; x_wconf 83' lang='lat' dir='ltr'>ex</span> <span class='ocrx_word' id='word_1_97' title='bbox 986 874 1158 926; x_wconf 74' lang='lat' dir='ltr'>praesente</span> <span class='ocrx_word' id='word_1_98' title='bbox 1194 873 1404 915; x_wconf 78' lang='lat' dir='ltr'>sensatione.</span> <span class='ocrx_word' id='word_1_99' title='bbox 1448 875 1547 914; x_wconf 84' lang='lat' dir='ltr'>Nam</span> <span class='ocrx_word' id='word_1_100' title='bbox 1572 878 1682 916; x_wconf 83' lang='lat' dir='ltr'>etiam</span> <span class='ocrx_word' id='word_1_101' title='bbox 1702 875 1809 925; x_wconf 83' lang='lat' dir='ltr'>vigili</span> 
     </span>
     <span class='ocr_line' id='line_1_12' title="bbox 204 932 1236 985; baseline 0.002 -14"><span class='ocrx_word' id='word_1_102' title='bbox 204 934 419 981; x_wconf 70' lang='lat' dir='ltr'>imaginatio</span> <span class='ocrx_word' id='word_1_103' title='bbox 455 932 543 971; x_wconf 81' lang='lat' dir='ltr'>visas</span> <span class='ocrx_word' id='word_1_104' title='bbox 575 932 652 970; x_wconf 91' lang='lat' dir='ltr'>fere</span> <span class='ocrx_word' id='word_1_105' title='bbox 678 933 863 983; x_wconf 83' lang='lat' dir='ltr'>imagines</span> <span class='ocrx_word' id='word_1_106' title='bbox 883 934 1070 985; x_wconf 88' lang='lat' dir='ltr'>sonosque</span> <span class='ocrx_word' id='word_1_107' title='bbox 1105 934 1236 974; x_wconf 87' lang='lat' dir='ltr'>reddit.</span> 
     </span>
    </p>

    <p class='ocr_par' dir='ltr' id='par_1_5' title="bbox 203 992 1811 1282">
     <span class='ocr_line' id='line_1_13' title="bbox 264 992 1810 1044; baseline 0.003 -14"><span class='ocrx_word' id='word_1_108' title='bbox 264 992 425 1042; x_wconf 86' lang='lat' dir='ltr'>Vestigia</span> <span class='ocrx_word' id='word_1_109' title='bbox 454 1004 577 1031; x_wconf 86' lang='lat' dir='ltr'>rerum</span> <span class='ocrx_word' id='word_1_110' title='bbox 613 1003 679 1043; x_wconf 90' lang='lat' dir='ltr'>per</span> <span class='ocrx_word' id='word_1_111' title='bbox 702 994 1010 1043; x_wconf 81' lang='lat' dir='ltr'>imaginationem</span> <span class='ocrx_word' id='word_1_112' title='bbox 1038 1002 1188 1038; x_wconf 83' lang='lat' dir='ltr'>renata,</span> <span class='ocrx_word' id='word_1_113' title='bbox 1231 994 1387 1044; x_wconf 89' lang='lat' dir='ltr'>perinde</span> <span class='ocrx_word' id='word_1_114' title='bbox 1423 993 1624 1034; x_wconf 89' lang='lat' dir='ltr'>secundum</span> <span class='ocrx_word' id='word_1_115' title='bbox 1651 994 1810 1034; x_wconf 69' lang='lat' dir='ltr'>adsocia-i</span> 
     </span>
     <span class='ocr_line' id='line_1_14' title="bbox 205 1052 1810 1101; baseline 0.002 -11"><span class='ocrx_word' id='word_1_116' title='bbox 205 1053 347 1091; x_wconf 84' lang='lat' dir='ltr'>tionem</span> <span class='ocrx_word' id='word_1_117' title='bbox 381 1052 568 1095; x_wconf 82' lang='lat' dir='ltr'>idearum,</span> <span class='ocrx_word' id='word_1_118' title='bbox 616 1058 742 1091; x_wconf 90' lang='lat' dir='ltr'>totum</span> <span class='ocrx_word' id='word_1_119' title='bbox 780 1053 987 1093; x_wconf 79' lang='lat' dir='ltr'>satellitium</span> <span class='ocrx_word' id='word_1_120' title='bbox 1022 1054 1188 1093; x_wconf 75' lang='lat' dir='ltr'>idearum</span> <span class='ocrx_word' id='word_1_121' title='bbox 1235 1057 1568 1094; x_wconf 77' lang='lat' dir='ltr'>concomitantiam</span> <span class='ocrx_word' id='word_1_122' title='bbox 1602 1061 1807 1093; x_wconf 88' lang='lat' dir='ltr'>revocant·</span> <span class='ocrx_word' id='word_1_123' title='bbox 1797 1082 1810 1101; x_wconf 85' lang='lat'><strong>,</strong></span> 
     </span>
     <span class='ocr_line' id='line_1_15' title="bbox 203 1111 1810 1164; baseline 0.002 -15"><span class='ocrx_word' id='word_1_124' title='bbox 203 1113 312 1150; x_wconf 85' lang='lat' dir='ltr'>amici</span> <span class='ocrx_word' id='word_1_125' title='bbox 343 1112 482 1155; x_wconf 87' lang='lat' dir='ltr'>vestes,</span> <span class='ocrx_word' id='word_1_126' title='bbox 531 1111 683 1150; x_wconf 84' lang='lat' dir='ltr'>demum</span> <span class='ocrx_word' id='word_1_127' title='bbox 723 1112 799 1151; x_wconf 88' lang='lat' dir='ltr'>dies</span> <span class='ocrx_word' id='word_1_128' title='bbox 840 1112 1033 1153; x_wconf 88' lang='lat' dir='ltr'>nobiscum</span> <span class='ocrx_word' id='word_1_129' title='bbox 1078 1114 1195 1157; x_wconf 61' lang='lat' dir='ltr'>actos,</span> <span class='ocrx_word' id='word_1_130' title='bbox 1247 1115 1326 1152; x_wconf 88' lang='lat' dir='ltr'>imo</span> <span class='ocrx_word' id='word_1_131' title='bbox 1376 1114 1487 1154; x_wconf 68' lang='lat' dir='ltr'>fastos</span> <span class='ocrx_word' id='word_1_132' title='bbox 1533 1114 1663 1157; x_wconf 89' lang='lat' dir='ltr'>ludos,</span> <span class='ocrx_word' id='word_1_133' title='bbox 1718 1114 1810 1164; x_wconf 80' lang='lat' dir='ltr'>ipsas</span> 
     </span>
     <span class='ocr_line' id='line_1_16' title="bbox 205 1171 1812 1236; baseline 0.001 -27"><span class='ocrx_word' id='word_1_134' title='bbox 205 1171 343 1210; x_wconf 85' lang='lat' dir='ltr'>chartas</span> <span class='ocrx_word' id='word_1_135' title='bbox 388 1171 735 1236; x_wconf 59' lang='grc' dir='ltr'>Ιιιῐοτὶῑιςμιρτειῑα.</span> <span class='ocrx_word' id='word_1_136' title='bbox 789 1172 950 1224; x_wconf 78' lang='lat' dir='ltr'>praedia.</span> <span class='ocrx_word' id='word_1_137' title='bbox 1000 1173 1127 1213; x_wconf 86' lang='lat' dir='ltr'>forum</span> <span class='ocrx_word' id='word_1_138' title='bbox 1171 1173 1429 1226; x_wconf 84' lang='lat' dir='ltr'>senatumque,</span> <span class='ocrx_word' id='word_1_139' title='bbox 1478 1185 1592 1226; x_wconf 89' lang='lat' dir='ltr'>quem</span> <span class='ocrx_word' id='word_1_140' title='bbox 1621 1185 1695 1214; x_wconf 77' lang='lat' dir='ltr'>uua</span> <span class='ocrx_word' id='word_1_141' title='bbox 1740 1173 1812 1219; x_wconf 56' lang='lat' dir='ltr'>fre..</span> 
     </span>
     <span class='ocr_line' id='line_1_17' title="bbox 208 1233 453 1282; baseline 0 -13"><span class='ocrx_word' id='word_1_142' title='bbox 208 1233 453 1282; x_wconf 82' lang='lat' dir='ltr'>quentav&#39;eris.</span> 
     </span>
    </p>

    <p class='ocr_par' dir='ltr' id='par_1_6' title="bbox 206 1288 1814 1581">
     <span class='ocr_line' id='line_1_18' title="bbox 264 1288 1813 1344; baseline 0.003 -16"><span class='ocrx_word' id='word_1_143' title='bbox 264 1289 378 1329; x_wconf 89' lang='lat' dir='ltr'>Nunc</span> <span class='ocrx_word' id='word_1_144' title='bbox 406 1290 432 1328; x_wconf 86' lang='lat' dir='ltr'>fi</span> <span class='ocrx_word' id='word_1_145' title='bbox 466 1288 717 1330; x_wconf 80' lang='lat' dir='ltr'>mechanicam</span> <span class='ocrx_word' id='word_1_146' title='bbox 755 1292 896 1332; x_wconf 83' lang='lat' dir='ltr'>causam</span> <span class='ocrx_word' id='word_1_147' title='bbox 927 1291 1157 1343; x_wconf 83' lang='lat' dir='ltr'>requifiveris</span> <span class='ocrx_word' id='word_1_148' title='bbox 1188 1292 1443 1337; x_wconf 83' lang='lat' dir='ltr'>somniorum,</span> <span class='ocrx_word' id='word_1_149' title='bbox 1503 1291 1623 1331; x_wconf 83' lang='lat' dir='ltr'>solent</span> <span class='ocrx_word' id='word_1_150' title='bbox 1662 1293 1813 1344; x_wconf 89' lang='lat' dir='ltr'>respon-</span> 
     </span>
     <span class='ocr_line' id='line_1_19' title="bbox 206 1344 1814 1403; baseline 0.002 -14"><span class='ocrx_word' id='word_1_151' title='bbox 206 1350 314 1393; x_wconf 84' lang='lat' dir='ltr'>dere,</span> <span class='ocrx_word' id='word_1_152' title='bbox 355 1348 611 1399; x_wconf 83' lang='lat' dir='ltr'>mistum(b)</span> <span class='ocrx_word' id='word_1_153' title='bbox 650 1344 726 1389; x_wconf 71' lang='lat' dir='ltr'>&#39;effe</span> <span class='ocrx_word' id='word_1_154' title='bbox 763 1351 895 1392; x_wconf 87' lang='lat' dir='ltr'>statum</span> <span class='ocrx_word' id='word_1_155' title='bbox 919 1364 965 1391; x_wconf 87' lang='lat' dir='ltr'>ex</span> <span class='ocrx_word' id='word_1_156' title='bbox 999 1353 1129 1391; x_wconf 88' lang='lat' dir='ltr'>somno</span> <span class='ocrx_word' id='word_1_157' title='bbox 1160 1354 1196 1391; x_wconf 75' lang='lat' dir='ltr'>Sc</span> <span class='ocrx_word' id='word_1_158' title='bbox 1229 1353 1387 1402; x_wconf 83' lang='lat' dir='ltr'>vigiliis,</span> <span class='ocrx_word' id='word_1_159' title='bbox 1425 1354 1463 1390; x_wconf 68' lang='grc' dir='ltr'>δε</span> <span class='ocrx_word' id='word_1_160' title='bbox 1493 1351 1679 1403; x_wconf 87' lang='lat' dir='ltr'>requirere</span> <span class='ocrx_word' id='word_1_161' title='bbox 1724 1365 1814 1392; x_wconf 88' lang='lat' dir='ltr'>cum</span> 
     </span>
     <span class='ocr_line' id='line_1_20' title="bbox 206 1407 1814 1463; baseline 0.001 -14"><span class='ocrx_word' id='word_1_162' title='bbox 206 1407 365 1455; x_wconf 72' lang='lat' dir='ltr'>sensorio</span> <span class='ocrx_word' id='word_1_163' title='bbox 392 1417 518 1448; x_wconf 80' lang='lat' dir='ltr'>caetera</span> <span class='ocrx_word' id='word_1_164' title='bbox 556 1411 684 1458; x_wconf 83' lang='lat' dir='ltr'>quleto</span> <span class='ocrx_word' id='word_1_165' title='bbox 713 1418 857 1451; x_wconf 84' lang='lat' dir='ltr'>tantum</span> <span class='ocrx_word' id='word_1_166' title='bbox 894 1413 1003 1452; x_wconf 89' lang='lat' dir='ltr'>unius</span> <span class='ocrx_word' id='word_1_167' title='bbox 1035 1413 1152 1451; x_wconf 89' lang='lat' dir='ltr'>tribus</span> <span class='ocrx_word' id='word_1_168' title='bbox 1184 1412 1326 1461; x_wconf 88' lang='lat' dir='ltr'>spiritus</span> <span class='ocrx_word' id='word_1_169' title='bbox 1365 1418 1548 1461; x_wconf 85' lang='lat' dir='ltr'>reparatos</span> <span class='ocrx_word' id='word_1_170' title='bbox 1590 1410 1693 1461; x_wconf 85' lang='lat' dir='ltr'>(c),</span> <span class='ocrx_word' id='word_1_171' title='bbox 1730 1424 1814 1463; x_wconf 80' lang='lat' dir='ltr'>par-</span> 
     </span>
     <span class='ocr_line' id='line_1_21' title="bbox 207 1469 1813 1522; baseline 0.001 -13"><span class='ocrx_word' id='word_1_172' title='bbox 207 1477 356 1520; x_wconf 88' lang='lat' dir='ltr'>temque</span> <span class='ocrx_word' id='word_1_173' title='bbox 377 1470 516 1508; x_wconf 81' lang='lat' dir='ltr'>cerebri</span> <span class='ocrx_word' id='word_1_174' title='bbox 551 1471 741 1518; x_wconf 82' lang='lat' dir='ltr'>perviam,</span> <span class='ocrx_word' id='word_1_175' title='bbox 776 1471 898 1509; x_wconf 76' lang='lat' dir='ltr'>dum·</span> <span class='ocrx_word' id='word_1_176' title='bbox 887 1484 926 1509; x_wconf 80' lang='lat' dir='ltr'>in</span> <span class='ocrx_word' id='word_1_177' title='bbox 955 1470 1100 1521; x_wconf 86' lang='lat' dir='ltr'>reliquo</span> <span class='ocrx_word' id='word_1_178' title='bbox 1119 1469 1202 1522; x_wconf 86' lang='lat' dir='ltr'>(d)</span> <span class='ocrx_word' id='word_1_179' title='bbox 1240 1472 1396 1509; x_wconf 87' lang='lat' dir='ltr'>cerebro</span> <span class='ocrx_word' id='word_1_180' title='bbox 1426 1472 1530 1521; x_wconf 90' lang='lat' dir='ltr'>quies</span> <span class='ocrx_word' id='word_1_181' title='bbox 1555 1478 1712 1521; x_wconf 83' lang='lat' dir='ltr'>regnat,</span> <span class='ocrx_word' id='word_1_182' title='bbox 1747 1483 1813 1519; x_wconf 57' lang='lat' dir='ltr'>neq</span> 
     </span>
     <span class='ocr_line' id='line_1_22' title="bbox 207 1528 866 1581; baseline -0.002 -12"><span class='ocrx_word' id='word_1_183' title='bbox 207 1538 280 1581; x_wconf 86' lang='lat' dir='ltr'>que</span> <span class='ocrx_word' id='word_1_184' title='bbox 302 1529 444 1580; x_wconf 87' lang='lat' dir='ltr'>spiritus</span> <span class='ocrx_word' id='word_1_185' title='bbox 469 1530 597 1567; x_wconf 85' lang='lat' dir='ltr'>itinera</span> <span class='ocrx_word' id='word_1_186' title='bbox 625 1528 684 1567; x_wconf 80' lang='lat' dir='ltr'>sua</span> <span class='ocrx_word' id='word_1_187' title='bbox 721 1537 866 1578; x_wconf 87' lang='lat' dir='ltr'>urgent.</span> 
     </span>
    </p>

    <p class='ocr_par' dir='ltr' id='par_1_7' title="bbox 207 1587 1816 1943">
     <span class='ocr_line' id='line_1_23' title="bbox 270 1587 1816 1642; baseline 0.003 -15"><span class='ocrx_word' id='word_1_188' title='bbox 270 1587 386 1627; x_wconf 82' lang='lat' dir='ltr'>Facile</span> <span class='ocrx_word' id='word_1_189' title='bbox 417 1587 632 1637; x_wconf 85' lang='lat' dir='ltr'>intelligitur</span> <span class='ocrx_word' id='word_1_190' title='bbox 663 1587 804 1627; x_wconf 85' lang='lat' dir='ltr'>somnia</span> <span class='ocrx_word' id='word_1_191' title='bbox 841 1589 941 1633; x_wconf 88' lang='lat' dir='ltr'>fieri,</span> <span class='ocrx_word' id='word_1_192' title='bbox 978 1591 1122 1640; x_wconf 81' lang='lat' dir='ltr'>quoties</span> <span class='ocrx_word' id='word_1_193' title='bbox 1154 1590 1319 1630; x_wconf 89' lang='lat' dir='ltr'>stimulus</span> <span class='ocrx_word' id='word_1_194' title='bbox 1356 1590 1484 1642; x_wconf 87' lang='lat' dir='ltr'>aliquis</span> <span class='ocrx_word' id='word_1_195' title='bbox 1522 1591 1699 1642; x_wconf 86' lang='lat' dir='ltr'>praesens:</span> <span class='ocrx_word' id='word_1_196' title='bbox 1750 1596 1816 1631; x_wconf 83' lang='lat' dir='ltr'>aut</span> 
     </span>
     <span class='ocr_line' id='line_1_24' title="bbox 207 1647 1815 1702; baseline 0 -13"><span class='ocrx_word' id='word_1_197' title='bbox 207 1649 403 1698; x_wconf 84' lang='lat' dir='ltr'>vestigium</span> <span class='ocrx_word' id='word_1_198' title='bbox 431 1649 619 1698; x_wconf 76' lang='lat' dir='ltr'>praeteritae</span> <span class='ocrx_word' id='word_1_199' title='bbox 647 1647 878 1693; x_wconf 77' lang='lat' dir='ltr'>sensationis,</span> <span class='ocrx_word' id='word_1_200' title='bbox 925 1648 1019 1687; x_wconf 86' lang='lat' dir='ltr'>adeo</span> <span class='ocrx_word' id='word_1_201' title='bbox 1058 1662 1208 1700; x_wconf 84' lang='lat' dir='ltr'>magnas</span> <span class='ocrx_word' id='word_1_202' title='bbox 1238 1651 1331 1689; x_wconf 79' lang='lat' dir='ltr'>vires</span> <span class='ocrx_word' id='word_1_203' title='bbox 1359 1651 1539 1702; x_wconf 83' lang='lat' dir='ltr'>adquirit,</span> <span class='ocrx_word' id='word_1_204' title='bbox 1583 1659 1626 1690; x_wconf 91' lang='lat' dir='ltr'>ut</span> <span class='ocrx_word' id='word_1_205' title='bbox 1648 1650 1815 1700; x_wconf 82' lang='lat' dir='ltr'>superare·</span> 
     </span>
     <span class='ocr_line' id='line_1_25' title="bbox 211 1706 1814 1759; baseline 0 -11"><span class='ocrx_word' id='word_1_206' title='bbox 211 1710 340 1748; x_wconf 68' lang='lat' dir='ltr'>animae</span> <span class='ocrx_word' id='word_1_207' title='bbox 366 1708 543 1758; x_wconf 80' lang='lat' dir='ltr'>quietem,</span> <span class='ocrx_word' id='word_1_208' title='bbox 576 1706 754 1758; x_wconf 82' lang='lat' dir='ltr'>suamque</span> <span class='ocrx_word' id='word_1_209' title='bbox 781 1711 814 1747; x_wconf 88' lang='lat' dir='ltr'>ei</span> <span class='ocrx_word' id='word_1_210' title='bbox 832 1708 1189 1759; x_wconf 72' lang='lat' dir='ltr'>repraesentationem</span> <span class='ocrx_word' id='word_1_211' title='bbox 1220 1710 1420 1750; x_wconf 81' lang='lat' dir='ltr'>obtrudere</span> <span class='ocrx_word' id='word_1_212' title='bbox 1447 1708 1571 1751; x_wconf 84' lang='lat' dir='ltr'>valeat.</span> <span class='ocrx_word' id='word_1_213' title='bbox 1635 1708 1814 1750; x_wconf 84' lang='lat' dir='ltr'>Diximus</span> 
     </span>
     <span class='ocr_line' id='line_1_26' title="bbox 211 1767 1813 1820; baseline -0.001 -13"><span class='ocrx_word' id='word_1_214' title='bbox 211 1770 309 1807; x_wconf 81' lang='lat' dir='ltr'>enim</span> <span class='ocrx_word' id='word_1_215' title='bbox 333 1767 415 1805; x_wconf 79' lang='lat' dir='ltr'>alias</span> <span class='ocrx_word' id='word_1_216' title='bbox 432 1769 475 1816; x_wconf 67' lang='lat' dir='ltr'>(ge</span> <span class='ocrx_word' id='word_1_217' title='bbox 499 1767 544 1816; x_wconf 89' lang='lat'>),</span> <span class='ocrx_word' id='word_1_218' title='bbox 579 1768 738 1817; x_wconf 77' lang='lat' dir='ltr'>animam</span> <span class='ocrx_word' id='word_1_219' title='bbox 766 1769 806 1807; x_wconf 87' lang='lat' dir='ltr'>in</span> <span class='ocrx_word' id='word_1_220' title='bbox 840 1768 972 1808; x_wconf 91' lang='lat' dir='ltr'>somno</span> <span class='ocrx_word' id='word_1_221' title='bbox 992 1770 1153 1808; x_wconf 64' lang='lat' dir='ltr'>minores</span> <span class='ocrx_word' id='word_1_222' title='bbox 1188 1769 1355 1808; x_wconf 89' lang='lat' dir='ltr'>stimulos</span> <span class='ocrx_word' id='word_1_223' title='bbox 1390 1782 1467 1808; x_wconf 90' lang='lat' dir='ltr'>non</span> <span class='ocrx_word' id='word_1_224' title='bbox 1493 1771 1689 1820; x_wconf 86' lang='lat' dir='ltr'>percipere.</span> <span class='ocrx_word' id='word_1_225' title='bbox 1752 1769 1813 1808; x_wconf 81' lang='lat' dir='ltr'>Est</span> 
     </span>
     <span class='ocr_line' id='line_1_27' title="bbox 208 1822 1813 1878; baseline 0.001 -12"><span class='ocrx_word' id='word_1_226' title='bbox 208 1835 331 1866; x_wconf 81' lang='lat' dir='ltr'>autem</span> <span class='ocrx_word' id='word_1_227' title='bbox 359 1826 419 1865; x_wconf 89' lang='lat' dir='ltr'>hic</span> <span class='ocrx_word' id='word_1_228' title='bbox 450 1825 679 1865; x_wconf 75' lang='lat' dir='ltr'>mediocritas</span> <span class='ocrx_word' id='word_1_229' title='bbox 708 1828 853 1869; x_wconf 83' lang='lat' dir='ltr'>roboris</span> <span class='ocrx_word' id='word_1_230' title='bbox 890 1829 1035 1878; x_wconf 82' lang='lat' dir='ltr'>aliqua,</span> <span class='ocrx_word' id='word_1_231' title='bbox 1075 1841 1172 1873; x_wconf 68' lang='lat' dir='ltr'>unam</span> <span class='ocrx_word' id='word_1_232' title='bbox 1210 1831 1326 1878; x_wconf 79' lang='lat' dir='ltr'>magis</span> <span class='ocrx_word' id='word_1_233' title='bbox 1366 1830 1511 1868; x_wconf 74' lang='lat' dir='ltr'>robusta</span> <span class='ocrx_word' id='word_1_234' title='bbox 1549 1822 1700 1868; x_wconf 85' lang='lat' dir='ltr'>sensatio</span> <span class='ocrx_word' id='word_1_235' title='bbox 1741 1829 1813 1876; x_wconf 79' lang='lat' dir='ltr'>ho-¹</span> 
     </span>
     <span class='ocr_line' id='line_1_28' title="bbox 212 1885 1814 1943; baseline 0.002 -18"><span class='ocrx_word' id='word_1_236' title='bbox 212 1888 354 1926; x_wconf 81' lang='lat' dir='ltr'>minem</span> <span class='ocrx_word' id='word_1_237' title='bbox 383 1887 487 1938; x_wconf 80' lang='lat' dir='ltr'>cogit</span> <span class='ocrx_word' id='word_1_238' title='bbox 507 1885 773 1940; x_wconf 62' lang='lat' dir='ltr'>expergiscere.</span> <span class='ocrx_word' id='word_1_239' title='bbox 833 1887 889 1930; x_wconf 77' lang='lat' dir='ltr'>Ita</span> <span class='ocrx_word' id='word_1_240' title='bbox 920 1890 1086 1930; x_wconf 79' lang='lat' dir='ltr'>anxietas</span> <span class='ocrx_word' id='word_1_241' title='bbox 1104 1918 1115 1934; x_wconf 92' lang='lat'><strong>.</strong></span> <span class='ocrx_word' id='word_1_242' title='bbox 1172 1888 1322 1943; x_wconf 81' lang='lat' dir='ltr'>quando</span> <span class='ocrx_word' id='word_1_243' title='bbox 1358 1901 1424 1940; x_wconf 88' lang='lat' dir='ltr'>per</span> <span class='ocrx_word' id='word_1_244' title='bbox 1469 1887 1607 1928; x_wconf 77' lang='lat' dir='ltr'>multos</span> <span class='ocrx_word' id='word_1_245' title='bbox 1636 1888 1814 1939; x_wconf 35' lang='lat' dir='ltr'>,labyrina</span> 
     </span>
    </p>

    <p class='ocr_par' dir='ltr' id='par_1_8' title="bbox 1727 1948 1814 1996">
     <span class='ocr_line' id='line_1_29' title="bbox 1727 1948 1814 1996; baseline 0 -7"><span class='ocrx_word' id='word_1_246' title='bbox 1727 1948 1814 1996; x_wconf 63' lang='lat' dir='ltr'>thor</span> 
     </span>
    </p>
   </div>
   <div class='ocr_carea' id='block_1_5' title="bbox 254 2062 632 2146">
    <p class='ocr_par' dir='ltr' id='par_1_9' title="bbox 254 2062 622 2146">
     <span class='ocr_line' id='line_1_30' title="bbox 255 2062 602 2103; baseline 0.012 -11"><span class='ocrx_word' id='word_1_247' title='bbox 255 2062 325 2101; x_wconf 72' lang='lat'>(5)</span> <span class='ocrx_word' id='word_1_248' title='bbox 360 2062 461 2094; x_wconf 75' lang='lat' dir='ltr'>Bor-m</span> <span class='ocrx_word' id='word_1_249' title='bbox 486 2072 516 2103; x_wconf 76' lang='lat' dir='ltr'>p.</span> <span class='ocrx_word' id='word_1_250' title='bbox 531 2066 602 2101; x_wconf 71' lang='lat'>416.</span> 
     </span>
     <span class='ocr_line' id='line_1_31' title="bbox 254 2104 632 2146; baseline 0.005 -12"><span class='ocrx_word' id='word_1_251' title='bbox 254 2104 325 2142; x_wconf 74' lang='lat' dir='ltr'>(a)</span> <span class='ocrx_word' id='word_1_252' title='bbox 348 2104 493 2135; x_wconf 70' lang='lat' dir='ltr'>Bomwr</span> <span class='ocrx_word' id='word_1_253' title='bbox 518 2113 549 2142; x_wconf 83' lang='lat' dir='ltr'>p,</span> <span class='ocrx_word' id='word_1_254' title='bbox 564 2115 632 2146; x_wconf 78' lang='lat'><strong>¹3⁷·</strong></span> 
     </span>
    </p>
   </div>
   <div class='ocr_carea' id='block_1_6' title="bbox 219 2144 1815 2311">
    <p class='ocr_par' dir='ltr' id='par_1_10' title="bbox 219 2144 1815 2311">
     <span class='ocr_line' id='line_1_32' title="bbox 254 2144 1815 2189; baseline 0.003 -15"><span class='ocrx_word' id='word_1_255' title='bbox 254 2145 326 2181; x_wconf 71' lang='lat' dir='ltr'>(a)</span> <span class='ocrx_word' id='word_1_256' title='bbox 373 2145 513 2177; x_wconf 62' lang='lat' dir='ltr'>Rumon</span> <span class='ocrx_word' id='word_1_257' title='bbox 541 2147 576 2179; x_wconf 97' lang='lat' dir='ltr'><strong>T.</strong></span> <span class='ocrx_word' id='word_1_258' title='bbox 594 2147 643 2180; x_wconf 84' lang='lat' dir='ltr'>IV.</span> <span class='ocrx_word' id='word_1_259' title='bbox 683 2157 714 2187; x_wconf 87' lang='lat' dir='ltr'>p.</span> <span class='ocrx_word' id='word_1_260' title='bbox 734 2148 784 2188; x_wconf 69' lang='lat'>63.</span> <span class='ocrx_word' id='word_1_261' title='bbox 813 2154 873 2180; x_wconf 86' lang='lat' dir='ltr'>non</span> <span class='ocrx_word' id='word_1_262' title='bbox 893 2145 970 2182; x_wconf 71' lang='lat' dir='ltr'>bene</span> <span class='ocrx_word' id='word_1_263' title='bbox 1002 2156 1073 2180; x_wconf 82' lang='lat' dir='ltr'>vero</span> <span class='ocrx_word' id='word_1_264' title='bbox 1095 2156 1198 2189; x_wconf 78' lang='lat' dir='ltr'>parum</span> <span class='ocrx_word' id='word_1_265' title='bbox 1223 2147 1325 2181; x_wconf 78' lang='lat' dir='ltr'>audire</span> <span class='ocrx_word' id='word_1_266' title='bbox 1345 2146 1467 2181; x_wconf 72' lang='lat' dir='ltr'>addunt.</span> <span class='ocrx_word' id='word_1_267' title='bbox 1511 2147 1590 2182; x_wconf 77' lang='lat' dir='ltr'>Nam</span> <span class='ocrx_word' id='word_1_268' title='bbox 1611 2147 1723 2181; x_wconf 83' lang='lat' dir='ltr'>somnia</span> <span class='ocrx_word' id='word_1_269' title='bbox 1745 2144 1815 2180; x_wconf 65' lang='lat' dir='ltr'>suns</span> 
     </span>
     <span class='ocr_line' id='line_1_33' title="bbox 219 2186 723 2267; baseline 0.006 -10"><span class='ocrx_word' id='word_1_270' title='bbox 219 2186 536 2265; x_wconf 53' lang='grc' dir='ltr'>Βοὲιῗῗηδυνηηῆ</span> <span class='ocrx_word' id='word_1_271' title='bbox 563 2238 590 2266; x_wconf 82' lang='grc' dir='ltr'>ρ.</span> <span class='ocrx_word' id='word_1_272' title='bbox 611 2229 661 2267; x_wconf 76' lang='lat'>48.</span> <span class='ocrx_word' id='word_1_273' title='bbox 674 2238 723 2266; x_wconf 72' lang='lat'>⁴9·</span> 
     </span>
     <span class='ocr_line' id='line_1_34' title="bbox 259 2269 1109 2311; baseline 0.006 -13"><span class='ocrx_word' id='word_1_274' title='bbox 259 2269 321 2305; x_wconf 85' lang='lat' dir='ltr'>(c)</span> <span class='ocrx_word' id='word_1_275' title='bbox 351 2269 496 2299; x_wconf 69' lang='lat' dir='ltr'>Fonur</span> <span class='ocrx_word' id='word_1_276' title='bbox 519 2269 538 2299; x_wconf 91' lang='lat' dir='ltr'>l</span> <span class='ocrx_word' id='word_1_277' title='bbox 550 2279 575 2300; x_wconf 87' lang='lat' dir='ltr'>c</span> <span class='ocrx_word' id='word_1_278' title='bbox 612 2281 639 2309; x_wconf 83' lang='lat' dir='ltr'>p.</span> <span class='ocrx_word' id='word_1_279' title='bbox 655 2279 691 2309; x_wconf 77' lang='lat'>³²</span> <span class='ocrx_word' id='word_1_280' title='bbox 696 2274 725 2302; x_wconf 85' lang='lat'>6.</span> <span class='ocrx_word' id='word_1_281' title='bbox 750 2270 816 2303; x_wconf 74' lang='lat' dir='ltr'>add.</span> <span class='ocrx_word' id='word_1_282' title='bbox 839 2271 969 2304; x_wconf 66' lang='lat' dir='ltr'>nun·</span> <span class='ocrx_word' id='word_1_283' title='bbox 996 2269 1026 2310; x_wconf 79' lang='lat' dir='ltr'>&#39;p.</span> <span class='ocrx_word' id='word_1_284' title='bbox 1041 2275 1109 2311; x_wconf 73' lang='lat'>326.</span> 
     </span>
    </p>
   </div>
   <div class='ocr_carea' id='block_1_7' title="bbox 218 2310 1810 2392">
    <p class='ocr_par' dir='ltr' id='par_1_11' title="bbox 218 2310 1810 2392">
     <span class='ocr_line' id='line_1_35' title="bbox 259 2310 1810 2355; baseline 0.006 -17"><span class='ocrx_word' id='word_1_285' title='bbox 259 2310 335 2347; x_wconf 73' lang='lat' dir='ltr'>(a)</span> <span class='ocrx_word' id='word_1_286' title='bbox 365 2310 565 2342; x_wconf 65' lang='lat' dir='ltr'>Dumium</span> <span class='ocrx_word' id='word_1_287' title='bbox 598 2312 632 2342; x_wconf 72' lang='lat' dir='ltr'>de</span> <span class='ocrx_word' id='word_1_288' title='bbox 655 2311 1119 2352; x_wconf 71' lang='lat' dir='ltr'>hom.p.122.Benru.u1</span> <span class='ocrx_word' id='word_1_289' title='bbox 1140 2312 1262 2350; x_wconf 59' lang='lat' dir='ltr'>traice.</span> <span class='ocrx_word' id='word_1_290' title='bbox 1283 2313 1319 2349; x_wconf 92' lang='lat' dir='ltr'><strong>T.</strong></span> <span class='ocrx_word' id='word_1_291' title='bbox 1335 2312 1383 2351; x_wconf 79' lang='lat' dir='ltr'>IV</span> <span class='ocrx_word' id='word_1_292' title='bbox 1404 2323 1433 2355; x_wconf 87' lang='lat' dir='ltr'>p.</span> <span class='ocrx_word' id='word_1_293' title='bbox 1451 2316 1519 2355; x_wconf 69' lang='lat'>564·</span> <span class='ocrx_word' id='word_1_294' title='bbox 1554 2313 1810 2354; x_wconf 64' lang='lat' dir='ltr'>Wruum</span> 
     </span>
     <span class='ocr_line' id='line_1_36' title="bbox 218 2352 767 2392; baseline 0.013 -12"><span class='ocrx_word' id='word_1_295' title='bbox 218 2352 294 2382; x_wconf 70' lang='lat' dir='ltr'>brut.</span> <span class='ocrx_word' id='word_1_296' title='bbox 323 2353 628 2389; x_wconf 78' lang='lat' dir='ltr'>p.17r.Prim.lin</span> <span class='ocrx_word' id='word_1_297' title='bbox 653 2355 767 2392; x_wconf 75' lang='lat'>12565.</span> 
     </span>
    </p>
   </div>
   <div class='ocr_carea' id='block_1_8' title="bbox 259 2385 1623 2436">
    <p class='ocr_par' dir='ltr' id='par_1_12' title="bbox 259 2385 1623 2436">
     <span class='ocr_line' id='line_1_37' title="bbox 259 2385 1623 2436; baseline 0 -6"><span class='ocrx_word' id='word_1_298' title='bbox 259 2392 326 2430; x_wconf 66' lang='grc' dir='ltr'>(τ)</span> <span class='ocrx_word' id='word_1_299' title='bbox 369 2400 399 2431; x_wconf 69' lang='grc' dir='ltr'>Ρ</span> <span class='ocrx_word' id='word_1_300' title='bbox 418 2403 485 2436; x_wconf 81' lang='lat'>595</span> <span class='ocrx_word' id='word_1_301' title='bbox 899 2385 906 2392; x_wconf 63' lang='lat'><strong>⁰</strong></span> <span class='ocrx_word' id='word_1_302' title='bbox 1258 2392 1260 2394; x_wconf 82' lang='grc'><strong>’</strong></span> <span class='ocrx_word' id='word_1_303' title='bbox 1603 2410 1623 2430; x_wconf 70' lang='grc' dir='ltr'>ι</span> 
     </span>
    </p>
   </div>
  </div>
 </body>
</html>
