2003 2764
276 116 357 156 552
482 86 1724 147 LIB.Xifll.SENSUSINTERN1.

271 208 392 240 morte
419 199 610 238 redimitur
630 229 640 244 ‚
675 212 754 250 quae
786 199 830 239 acl
855 199 970 239 nullas
1000 200 1202 251 voluptates
1242 213 1437 252 corporeas
1466 201 1594 250 ducit3
1649 204 1702 242 uti
1739 214 1858 253 neque

271 261 458 309 ingeniiin
496 260 640 298 erudito
659 259 811 298 homine
825 259 992 310 cupido,
1038 272 1156 310 neque
1173 262 1421 299 constantiam
1448 253 1547 299 δοιὼ
1566 265 1644 300 viro
1662 291 1672 305 ,
1698 274 1814 312 neque
1831 264 1867 300 in

282 319 493 358 Rssouco
528 327 684 357 mortem
718 327 963 369 provocatura
997 319 1165 363 audacia,
1208 328 1269 359 aut
1299 321 1338 358 in
1369 321 1575 360 CuuTio
1614 322 1772 360 funestus
1804 321 1869 359 sal-

275 386 354 422 tus,
399 379 487 417 ullas
517 377 664 428 possunt
699 380 894 428 corporeas
926 378 1072 417 delicias
1101 391 1234 429 parare.

332 438 504 488 Denique
526 437 587 475 etsi
616 438 729 477 multa
762 450 840 487 pars
867 438 1100 488 funffionum
1130 440 1260 477 animae
1288 450 1308 475 a
1335 440 1500 488 corporis
1541 440 1676 478 morbis
1711 440 1866 489 patitur,

272 505 412 536 certum
438 497 488 534 est
514 506 654 540 tamen,
697 497 852 547 persaepe
877 499 915 534 in
963 496 1099 536 summa
1133 497 1317 536 debilitate
1356 489 1549 548 corporis,
1597 511 1676 548 quae
1713 506 1870 536 mortem

274 569 351 594 non
386 557 528 594 eminus
559 556 765 605 praecedat,
808 559 967 595 animam
1001 559 1092 594 mire
1123 557 1243 595 vivide
1280 558 1379 605 (u)
1407 559 1593 606 cogitate,
1639 558 1796 600 sentire,
1833 558 1870 594 ὃς

274 616 387 666 loqui.
453 615 591 654 Eorum
622 617 791 654 omnium
828 616 941 654 multa
984 616 1058 654 vidi
1092 617 1308 654 testimonia.
1363 615 1454 654 Haezc
1475 618 1521 655 ita
1551 617 1726 655 breviter:
1764 616 1870 654 facile

274 678 373 713 enim
401 674 509 712 video
532 675 652 713 multis
664 675 814 713 medicis
845 674 995 725 perinde
1020 675 1093 713 fere
1117 675 1221 718 fore,
1252 677 1441 722 cujusnam
1471 684 1606 714 naturae
1643 676 1684 714 sit
1722 677 1867 718 anima,

277 746 356 784 quae
375 733 439 771 fibi
453 714 593 782 semper
609 735 737 783 ignota
761 733 802 772 fit
817 763 828 778 ‚
861 735 950 773 dum
967 735 1043 781 ejus
1074 734 1276 773 funstiones
1293 736 1459 785 cognitas
1475 735 1639 774 habeant.
1672 734 1805 786 Aliqua
1824 745 1872 773 ex

279 795 321 832 iis
340 793 424 832 addi
449 791 621 844 possunt,
650 805 731 844 quae
753 805 870 843 nuper
899 795 1116 833 monuimus
1137 796 1154 841 (
1164 797 1209 832 u*
1224 796 1256 843 ).

641 905 675 948 §.
717 899 797 942 XI.
865 900 1067 945 Facultates
1101 904 1234 941 animae.
1304 902 1489 949 Cogitatio.

347 1011 378 1050 A
402 1011 630 1060 cogitatione
650 1009 671 1059 (
690 1021 718 1047 x
743 1010 764 1059 )
795 1011 924 1049 animae
957 1009 1141 1050 essentiam
1172 1012 1372 1052 CARTss
1390 1025 1403 1049 1
1419 1012 1471 1049 u's
1502 1011 1678 1050 definivit.
1722 1010 1792 1049 Alii
1813 1023 1876 1050 ne-

284 1078 443 1121 garunt,
479 1070 659 1119 perpetim
689 1070 850 1108 animam
882 1071 1044 1119 cogitare
1062 1099 1073 1114 ,
1110 1070 1174 1108 etfi
1202 1068 1420 1122 plerumque
1443 1071 1489 1117 (y
1515 1072 1532 1120 )
1578 1071 1739 1121 cogitare
1764 1070 1877 1109 faten-

284 1139 354 1169 tur.
426 1129 669 1168 Adduxerunt
706 1136 828 1167 autem
872 1129 1030 1179 deliquia
1056 1130 1198 1174 animi,
1247 1129 1492 1180 somnumque
1540 1128 1769 1180 profundum
1786 1158 1796 1173 ‚
1840 1129 1879 1167 &

286 1188 513 1240 apoplexias,
545 1187 658 1238 qualis
676 1186 737 1225 sex
766 1187 944 1227 mensium
975 1189 1106 1227 statum
1137 1189 1228 1238 (z)
1264 1190 1418 1230 inertem
1445 1189 1614 1240 reliquit,
1655 1189 1736 1239 post
1763 1200 1876 1239 quem

287 1249 427 1290 anima,
447 1247 543 1297 quasi
560 1247 650 1284 nihil
666 1248 812 1286 interim
831 1247 951 1287 secum
964 1248 1081 1287 αᾶιπη
1095 1247 1236 1293 fuisset,
1267 1261 1384 1300 neque
1401 1249 1632 1288 intervallum
1653 1248 1803 1299 aliquod
1823 1249 1879 1286 in-

291 1305 491 1346 terceffiffet
523 1308 722 1357 temporis,
765 1307 924 1357 denique
953 1306 1159 1357 evigilavit:
1206 1316 1286 1347 tum
1315 1308 1534 1359 catalepticae
1578 1309 1721 1347 feminae
1751 1319 1875 1346 exem-

291 1366 407 1417 plum,
434 1378 515 1416 quae
541 1366 749 1405 sermonem
774 1379 839 1417 per
857 1368 979 1406 morbi
1012 1379 1276 1421 paroxysmum
1315 1369 1559 1417 interceptum
1610 1367 1742 1405 eodem
1791 1367 1877 1405 loco

292 1426 548 1469 continuabat,
591 1437 668 1476 quo
714 1426 935 1475 interceptus
981 1425 1096 1463 fuerat
1126 1427 1176 1474 (a
1197 1427 1224 1473 ).
1284 1425 1327 1464 In
1351 1426 1384 1464 se
1412 1426 1488 1476 ipso
1521 1424 1874 1469 Mammea-us,

294 1497 381 1524 cum
413 1495 477 1523 21.
497 1485 572 1522 dies
603 1486 643 1522 in
670 1483 799 1522 delirio
826 1483 1072 1532 transegisset,
1110 1485 1148 1522 &
1183 1496 1283 1523 nunc
1308 1485 1601 1529 convalesceret,
1631 1487 1695 1523 vix
1714 1495 1779 1531 24.
1809 1484 1879 1523 ho-

296 1554 416 1583 rarum
446 1545 620 1582 morbum
654 1541 754 1582 fuiffe
788 1542 1098 1593 persuadebatur,
1141 1543 1277 1594 reliqua
1303 1545 1404 1583 enim
1440 1544 1588 1593 vestigia
1627 1544 1778 1583 morbus
1816 1543 1880 1582 de-

297 1604 471 1642 struxerat
498 1603 515 1649 (
525 1601 588 1651 h).

356 1660 497 1700 Verum
526 1663 565 1699 in
593 1660 724 1700 somno
748 1661 906 1701 animam
939 1673 1018 1700 non
1042 1660 1205 1713 cogitare
1237 1663 1300 1701 vix
1329 1663 1379 1701 est
1407 1662 1607 1714 probabile.
1658 1660 1877 1713 Plerumque

298 1722 336 1760 &
363 1722 401 1759 in
420 1721 571 1759 homine
589 1721 626 1758 &
655 1722 693 1760 in
727 1721 940 1760 animalibus
972 1721 1076 1771 jactat
1102 1722 1135 1760 se
1165 1723 1204 1760 in
1228 1721 1420 1761 insomniis
1438 1752 1448 1767 ,
1484 1723 1523 1760 δε
1539 1723 1682 1772 quoties
1705 1735 1743 1760 ea
1765 1719 1878 1760 abesse

298 1779 496 1819 creduntur
513 1807 523 1822 ,
557 1778 704 1829 possunt
727 1782 871 1819 mitiora
907 1779 999 1824 esse,
1036 1782 1073 1820 &
1099 1781 1256 1825 leviora.
1290 1788 1331 1820 ut
1358 1783 1547 1831 vestigium
1567 1781 1878 1830 nonrelinquant.

303 1839 414 1878 Certe
442 1838 696 1883 ostendemus,
732 1841 771 1877 in
790 1839 960 1879 somnum
978 1851 1045 1878 nos
1067 1853 1132 1890 per
1153 1840 1644 1891 deliriicrepusculatransire
1661 1869 1672 1884 ,
1713 1841 1776 1889 qui
1813 1839 1881 1878 sta-

305 1906 363 1937 tus
398 1910 476 1936 non
511 1898 561 1935 est
577 1899 704 1936 inertis
726 1900 866 1937 animae.
934 1899 1006 1937 Sed
1038 1912 1156 1950 neque
1186 1901 1224 1937 in
1259 1899 1426 1951 deliquiis
1456 1900 1568 1938 animi
1597 1898 1643 1944 (c
1675 1896 1695 1951 )
1732 1899 1878 1936 feminae

305 1957 387 1995 sunt
415 1958 549 2007 absque
578 1959 883 2006 cogitationibus,
923 1959 960 1996 &
987 1971 1007 1996 a
1031 1971 1091 1997 me
1115 1961 1370 2008 interrogatae,
1418 1958 1452 1997 se
1476 1956 1645 1997 audivisse
1678 1958 1767 2009 saepe
1799 1969 1880 1996 nar-

305 2023 450 2060 rarunt,
483 2026 668 2066 tamquam
689 2019 831 2056 eminus
854 2016 1106 2069 colloquentes
1136 2020 1301 2063 amicos.
1341 2020 1379 2057 &
1408 2017 1532 2057 fimilia
1567 2017 1659 2058 fiunt
1695 2019 1733 2056 in
1766 2017 1879 2055 mori-

1748 2076 1880 2118 bundis

380 2199 391 2219 ι.

391 2199 401 2220 ι
451 2186 655 2220 TRAnnts
681 2190 752 2220 hom.
779 2191 870 2221 mach.
898 2191 1011 2229 p.218.
1361 2190 1430 2231 (14κ
1450 2192 1465 2232 )
1486 2201 1513 2232 P·
1532 2200 1600 2232 535·

406 2189 425 2267 ))
450 2230 549 2268 Capax
571 2229 611 2259 est
639 2230 733 2260 anima
756 2232 902 2268 cogitandi
933 2225 1125 2264 Bonnn'r‘
1136 2241 1164 2273 p.
1182 2241 1230 2272 74.

413 2273 427 2306 )
462 2271 645 2301 sAuvAe
661 2280 704 2301 ns
723 2271 834 2309 phuffiol.
855 2283 882 2311 p.
901 2282 968 2314 145,

420 2312 433 2346 )
460 2310 575 2348 Histoire
595 2312 629 2340 de
649 2312 765 2343 l'Acad.
794 2322 879 2350 ¹7¹9·
903 2328 913 2343 .—

404 2353 415 2387 )
451 2351 562 2382 Ibidem
587 2361 656 2383 ann.
678 2360 767 2392 ¹705·
791 2363 818 2391 p.
836 2364 885 2391 50.

408 2393 424 2470 ζ
455 2391 565 2432 ΟρῙενυ.
589 2403 616 2432 p.
636 2402 700 2432 ¹93-

350 2188 365 2226 (

350 2230 365 2266 (

352 2272 365 2306 (

353 2313 366 2347 (

351 2354 368 2428 ἓ

356 2432 371 2471 ζ
449 2432 476 2466 T
487 2443 506 2467 R
519 2443 540 2468 Δ
553 2443 573 2466 1.
585 2445 602 2464 ι.
617 2444 634 2466 n
646 2444 660 2467 s
684 2435 758 2466 hom.
781 2435 920 2468 Machin.
944 2444 974 2475 p.
991 2440 1058 2474 ιη.

371 2240 403 2463 usn-2332&
