2003 2764
285 109 308 151 8
684 103 834 148 ΙΕΖΒ.
875 102 1010 149 XII,
1072 103 1430 152 TACTUS..

904 223 939 268 ὃ.
970 218 1049 261 VI.
1114 219 1264 270 Papillae.

344 334 650 374 Mimnermi
692 334 884 370 inventum
905 331 979 373 est,
1021 336 1197 379 quantum
1225 334 1365 381 reperi,
1415 334 1476 384 qui
1510 338 1547 373 in
1581 336 1693 376 brutis
1726 339 1888 378 animali-

284 397 375 440 bus,
405 398 515 445 inque
544 394 611 432 suis
641 394 819 443 imprimis
851 391 943 441 pede
973 392 1109 439 primus
1142 393 1274 440 reperit
1296 393 1396 441 (i),
1433 403 1554 432 cutem
1586 408 1661 434 non
1704 400 1740 436 in
1771 413 1889 449 aequa-

284 455 356 495 lem
388 455 573 504 planitiem
603 453 798 503 protendi,
832 450 890 489 sed
916 451 1071 488 omnino
1111 453 1282 489 exteriori
1311 452 1369 492 sua
1407 454 1590 504 superficie
1627 458 1663 494 in
1697 459 1884 498 tubercula

284 515 402 566 aliqua
421 514 569 556 elevari,
600 524 679 562 quae
708 512 770 550 sub
801 508 1024 561 epidermide
1053 509 1244 549 emineant.

358 574 456 612 Cum
490 584 576 610 vero
609 566 816 621 frequenter
842 570 949 607 nimis
988 569 1182 606 brutorum
1223 571 1432 610 animalium
1466 572 1600 613 diversa
1629 586 1647 612 a
1679 575 1798 614 nostra
1838 576 1893 616 faa

287 635 385 672 brica
412 645 496 670 cum
527 632 684 670 humana
718 627 1099 675 confundaturm),
1134 640 1227 678 opus
1262 631 1310 668 est
1342 643 1489 675 cavere,
1529 645 1575 671 ne
1610 646 1655 671 ex
1681 646 1720 672 ea
1753 635 1891 685 aliquid

287 693 332 732 ad
366 693 523 730 nostram
555 691 833 741 descriptionem
872 689 904 726 se
928 687 1127 727 admisceat.
1179 687 1276 738 Ergo
1304 692 1339 727 in
1368 692 1496 738 majori
1528 692 1677 742 quidem
1710 701 1808 743 parte
1824 707 1887 734 cu-

288 755 333 791 tis
374 752 540 789 humanae
572 751 663 788 adeo
691 749 820 799 exigua
843 749 921 787 sunt
954 746 1123 796 granula,
1155 756 1195 785 ut
1221 751 1379 787 omnino
1409 760 1537 799 praeter
1585 752 1702 790 levem
1734 753 1891 804 aliquam

289 812 567 861 inaequalitatem
595 810 683 848 nihil
711 823 729 847 a
755 810 891 860 reliqua
918 819 1001 846 cute
1032 805 1210 844 diversum
1235 808 1412 858 adpareat.
1467 809 1518 848 Ita
1546 812 1584 848 in
1611 823 1772 850 convexa
1791 821 1891 859 parte

289 871 392 924 pedis
422 870 535 908 nullas
570 869 717 919 papillas
745 869 816 918 ipse
846 869 976 917 reperit
1010 865 1077 903 Ru
1096 877 1282 905 YSCHIU
1300 868 1424 918 s(l),
1465 862 1623 919 alibique
1650 872 1833 920 profunde
1851 875 1892 910 in

290 938 374 969 cute
409 930 518 967 latere
545 928 672 968 fatetur
693 928 811 977 (m),
854 939 972 977 neque
1000 925 1197 973 adparere,
1247 925 1310 964 nili
1337 928 1416 978 post
1451 929 1602 975 injeaos
1632 930 1791 980 liquores
1827 944 1892 970 co-

290 991 437 1028 loratos.
489 989 603 1027 Porro
632 989 669 1026 ὃς
706 989 802 1026 idem
822 1016 830 1030 ‚
868 988 904 1024 &
939 987 997 1024 alii
1023 985 1076 1023 Cl.
1107 987 1173 1022 viri
1213 986 1456 1037 microscopio
1487 988 1563 1038 ipso
1598 989 1790 1038 adjuvante
1821 1003 1895 1029 eas-

292 1050 376 1087 dem
408 1049 556 1099 papillas
582 1060 676 1097 aegre
704 1048 862 1097 conspici
888 1045 1134 1095 scripserunt(
1164 1046 1241 1091 n),
1271 1054 1332 1084 aut
1360 1049 1518 1087 omnino
1544 1057 1769 1098 negaverunt
1807 1051 1895 1090 uliae

293 1108 361 1147 effe
382 1109 476 1155 (ο),
506 1116 567 1145 aut
599 1110 635 1145 in
663 1109 704 1145 iis
744 1108 875 1146 tactum
906 1105 1065 1143 exerceri
1089 1103 1183 1150 (p).

353 1168 423 1207 Sed
449 1168 523 1205 haec
552 1168 663 1206 nimia
693 1167 782 1205 sunt.
832 1167 873 1204 ln
899 1164 1033 1214 pollice
1054 1166 1151 1200 enim
1176 1163 1296 1212 pedis,
1344 1173 1518 1216 parteque
1549 1168 1625 1215 ejus
1658 1167 1702 1206 ad
1733 1168 1893 1218 plantam

293 1230 517 1278 pertinente,
557 1227 644 1265 dum
674 1227 718 1265 de
740 1234 913 1264 macerata
938 1231 1020 1262 cute
1049 1222 1313 1271 epidermidem
1360 1225 1521 1268 detraxi,
1567 1227 1757 1266 manifesto
1785 1229 1887 1272 vidi,

294 1288 442 1327 filorum
478 1286 606 1324 similes
625 1288 704 1335 (q)
735 1285 880 1336 papillas
901 1313 910 1328 ‚
942 1283 1169 1334 pilorumve,
1203 1282 1248 1320 de
1274 1283 1477 1335 spiris(r)
1499 1285 1567 1323 illis
1593 1287 1746 1327 elevari:
1776 1288 1894 1327 &eo-

296 1348 380 1385 dem
409 1347 522 1385 modo
549 1347 580 1384 se
611 1348 648 1384 in
680 1346 761 1384 vola
797 1346 833 1383 &
866 1344 986 1396 planta
1014 1342 1147 1380 habent
1170 1341 1278 1391 (νη.

358 1407 471 1445 Porro
496 1409 534 1444 in
557 1405 683 1444 iisdem
721 1406 821 1455 pedis
842 1434 850 1447 ,
893 1414 1068 1442 manusve
1099 1401 1248 1449 digitis,
1283 1402 1431 1452 quando
1463 1406 1596 1454 unguis
1616 1405 1800 1450 molliter,
1840 1406 1896 1445 so-

297 1466 329 1504 la
365 1467 523 1504 adhibita
555 1467 797 1503 maceratione
829 1471 1060 1503 removetur,
1107 1463 1198 1499 cutis
1227 1461 1380 1509 subjecta
1421 1476 1484 1513 per
1512 1465 1783 1514 longitudinem
1826 1466 1893 1504 sul-

302 1535 378 1564 cata
405 1526 570 1575 adparet,
606 1526 641 1562 ὃς
668 1527 702 1562 in
736 1525 916 1562 filamenta
948 1522 1119 1563 finditur,
1162 1532 1240 1570 quae
1277 1521 1476 1561 secundum
1523 1537 1685 1573 unguem
1728 1526 1898 1563 inclinata

300 1585 500 1624 antrorsum
527 1585 796 1636 protenduntur
813 1583 894 1633 (s).
946 1582 988 1619 In
1022 1581 1180 1619 minimis
1208 1588 1329 1618 tamen
1351 1582 1472 1631 digitis
1494 1585 1798 1636 imperfectiores,
1832 1597 1897 1622 ne-

1823 1656 1896 1691 que

342 1751 379 1786 (i
403 1754 446 1781 De
471 1755 585 1780 externo
608 1750 698 1780 taam
726 1760 829 1787 organo
865 1746 1061 1785 Neap.1665.
1104 1756 1130 1784 p⁴
1146 1751 1172 1780 8.
1193 1744 1267 1784 seqq.
1308 1747 1378 1777 Add.
1410 1747 1610 1779 DUVEBNEY
1637 1750 1767 1786 Jostrnal
1781 1751 1827 1779 des
1851 1751 1897 1780 Sa.

300 1803 371 1822 vaur
400 1798 485 1827 1689.
516 1801 541 1820 n.
560 1802 593 1828 ¹9
627 1794 653 1820 δι
674 1802 707 1822 ex
732 1802 766 1821 eo
789 1792 826 1821 du
848 1792 976 1821 HAMEL
1000 1790 1032 1817 de
1052 1796 1124 1824 corp.
1142 1788 1230 1816 anim.
1268 1787 1298 1817 L.
1310 1788 1345 1817 11.
1370 1798 1394 1818 c.
1417 1799 1438 1819 ι.
1498 1790 1532 1820 ln
1558 1791 1621 1828 ipsis
1642 1792 1736 1821 erucis
1755 1792 1830 1821 cutis
1851 1800 1901 1820 ex-

302 1835 389 1864 terius
413 1833 528 1871 granula
555 1832 640 1863 lia-bet
667 1833 845 1863 LYONNET
869 1843 894 1870 p.
912 1836 958 1863 ⁶8-

343 1876 414 1910 (le)
440 1875 510 1904 Vide
527 1873 641 1904 fictitias
670 1873 774 1912 figuras
793 1874 922 1904 Bromi
952 1869 1009 1905 tab.
1025 1879 1054 1906 4.
1083 1868 1104 1901 f.
1125 1872 1152 1899 6.
1196 1868 1228 1899 ln
1249 1868 1349 1900 avibus
1375 1869 1520 1910 deseripfit
1539 1872 1643 1903 Mau
1671 1873 1750 1912 apud
1773 1872 1810 1904 du
1834 1871 1904 1903 HA.

307 1926 387 1945 ium„
441 1940 443 1942 .
495 1925 535 1944 κ.

346 1956 401 1992 (l)
420 1924 504 1986 ρΑιῖυ.
522 1955 541 1985 Ι.
569 1966 597 1986 n.
613 1964 636 1992 3.
666 1965 692 1991 p.
710 1965 754 1985 10.

346 1998 420 2033 tm)
450 1996 597 2034 Aavmsl
631 2007 658 2027 n.
681 2008 704 2028 ς.
733 2007 760 2034 p.
781 2005 825 2034 ις.

344 2039 417 2074 (nl
449 2037 469 2066 C
505 2038 723 2079 ssaarnomsr
755 2037 867 2076 specim,
892 2037 979 2066 Anac.
1020 2045 1049 2074 p.
1069 2043 1112 2065 12.
1155 2032 1190 2064 In
1215 2033 1314 2071 planta
1333 2034 1413 2072 pedis
1427 2036 1577 2068 Ruvscn
1591 2037 1658 2068 thes.
1675 2038 1694 2069 l.
1711 2036 1756 2068 aff.
1786 2046 1812 2074 3.
1830 2047 1857 2067 n.
1873 2048 1901 2074 4.

349 2081 390 2114 (ο
404 2080 433 2148 >1
454 2079 642 2148 ΡεκέιΑυιτ
670 2077 756 2119 Effin's
772 2084 805 2109 cie
826 2079 930 2118 plissfq.
951 2075 988 2107 T.
1002 2076 1053 2107 ln.
1079 2086 1106 2115 p.
1125 2084 1173 2113 53.
1203 2075 1244 2104 du
1265 2077 1380 2105 toucher
1400 2087 1427 2116 p.
1444 2088 1488 2109 11.
1524 2079 1572 2117 qui
1593 2080 1679 2109 etiam
1704 2080 1734 2109 in
1748 2078 1905 2118 elephanto

306 2127 390 2158 negat
405 2130 422 2148 u
438 2121 476 2148 las
492 2130 508 2149 e
532 2130 546 2149 e
572 2131 597 2157 p.
615 2129 658 2156 92,

343 2162 403 2198 (p)
443 2161 533 2190 lnam
562 2162 713 2191 Menwires
726 2167 826 2192 avant.
851 2165 940 2197 1699.
970 2170 995 2199 p.
1016 2168 1080 2196 344.
1132 2157 1348 2188 CHRSELDRN
1392 2159 1503 2191 ed.V1.
1543 2170 1571 2199 p.
1590 2168 1656 2200 ης.
1714 2160 1901 2191 Sumam

301 2204 372 2232 ocul.
398 2201 533 2238 &mena
555 2203 630 2240 vigil.
665 2204 750 2240 1³·ssss-

345 2243 356 2277 (
375 2245 417 2282 q)
442 2243 516 2273 Cum
532 2243 587 2273 iilis
601 2251 748 2281 comparat
767 2244 926 2273 aramus
946 2242 981 2272 de
1001 2242 1085 2273 color.
1101 2239 1161 2269 ath.
1193 2248 1220 2278 p.
1241 2250 1266 2280 7.
1300 2240 1449 2272 Huwzs
1474 2242 1508 2272 de
1518 2248 1584 2273 nat.
1599 2243 1694 2281 papiu,
1718 2252 1745 2273 n.
1764 2253 1790 2280 ς.
1828 2242 1906 2273 Lon-

304 2286 396 2323 giores
421 2282 477 2315 effe
499 2284 714 2314 pamm-:pron
736 2287 831 2314 adnot.
857 2284 886 2315 L.
905 2282 923 2313 1⁴
954 2293 978 2314 c.
997 2293 1023 2318 ι.
1055 2293 1083 2320 p.
1098 2292 1148 2316 2⁴·

347 2327 408 2380 (r.)
433 2323 467 2355 ln
488 2325 570 2355 sulcis
583 2326 797 2363 pingitobtusas
808 2326 1021 2356 Ruvscmus
1032 2324 1068 2356 T.
1089 2332 1131 2361 ¹7·
1157 2321 1177 2354 f.
1194 2338 1224 2360 2.
1241 2333 1265 2363 3.
1281 2322 1366 2362 Epist.
1385 2323 1451 2354 XV.
1477 2324 1573 2355 Habet
1588 2326 1779 2357 Wmsnow
1806 2333 1833 2354 n.
1858 2332 1904 2355 n.

347 2366 869 2445 (q)&giwiiggzvzcgtcwfflsmw
898 2418 928 2438 n.
948 2416 993 2439 ιι.
1034 2408 1091 2440 Sed
1109 2410 1148 2442 ita
1176 2413 1320 2442 omnino,
1349 2408 1392 2438 uti
1419 2406 1566 2442 describo,
1592 2407 1678 2444 vidi3
1715 2406 1779 2437 add.
1809 2403 1903 2436 Lux>-

310 2459 378 2479 wxe
405 2450 434 2479 in
451 2457 546 2487 progr.
597 2448 739 2482 Describit
763 2451 790 2479 δε
814 2450 944 2488 depingit
967 2450 1130 2481 strumus
1156 2454 1268 2485 Λάηοι,
1289 2449 1332 2488 J„
1348 2448 1384 2480 11.
1408 2458 1435 2487 p.
1455 2458 1503 2487 57.
1528 2449 1585 2480 tab.
1602 2458 1629 2487 7.
1661 2448 1680 2478 f.
1700 2458 1728 2485 4.
