2003 2764
222 131 312 183 ‘533‘
434 119 1649 169 LIB.XV11.SENSUSINTERNL

240 229 454 269 adnotatum
476 224 526 262 est
558 221 688 262 melius
717 222 852 260 discere
879 234 1034 272 pueros,
1074 224 1138 272 qui
1167 222 1259 261 clara
1293 236 1384 262 voce
1399 224 1594 262 lectionem
1622 223 1839 274 pronuntia-

242 295 331 327 rent.
369 285 414 324 Et
439 286 478 322 in
493 291 568 321 arte
589 283 778 321 memoriae
805 284 1009 331 imagines,
1043 291 1083 321 ut
1099 284 1320 322 retineantur
1338 313 1348 328 ,
1375 285 1503 333 jubent
1519 292 1635 322 motas
1654 282 1753 331 effe(
1776 282 1844 334 ς).

248 346 383 386 Credas
413 342 631 394 profundius
659 340 834 391 inprimi,
869 354 950 391 quae
979 341 1047 380 fint
1079 342 1265 382 validiora.

307 406 350 445 ln
382 404 556 445 homine,
588 403 737 451 inquam
755 430 766 444 ,
806 413 890 438 nam
919 401 1118 451 disputatur
1137 430 1147 444 ,
1183 413 1274 440 num
1294 403 1332 439 in
1349 403 1523 446 cerebro,
1548 413 1639 441 num
1671 403 1707 440 in
1723 409 1849 441 mente

250 464 479 517 potius(t).
548 461 621 500 Vix
649 468 771 499 tamen
803 473 914 510 neges
940 463 979 498 in
1011 462 1161 499 cerebro
1198 461 1275 499 haec
1313 464 1592 511 perceptionum
1614 474 1847 511 quaecunque

251 525 399 574 vestigia
429 522 612 564 habitare,
640 520 666 557 fi
689 522 920 570 cogitaveris,
948 521 1038 571 quid
1073 523 1110 558 in
1145 534 1185 560 ea
1214 521 1363 571 vestigia
1405 522 1478 560 sola
1505 521 1652 560 fabricaev
1665 533 1852 571 corporeae

254 584 409 624 mutatio
436 580 551 631 follit.

313 642 441 682 Editur
465 644 504 679 in
534 640 655 680 lucem
679 639 796 678 homo
824 651 909 679 cum
942 650 1079 688 genere
1113 640 1270 678 nervoso
1302 639 1406 679 valde
1430 640 1590 684 mobili,
1624 647 1666 680 ut
1685 639 1852 679 sensuum

255 702 490 754 inpressiones
536 700 604 739 fint
638 701 828 744 maximae,
865 700 923 736 ⁴&
956 698 1123 748 protinus
1167 701 1206 737 in
1246 699 1447 744 lacrumas,
1501 708 1562 739 aut
1599 698 1856 739 convulfiones

258 769 462 813 erumpant.
529 760 602 798 Sed
636 772 675 798 ea
701 767 803 798 aetate
836 760 1025 797 cerebrum
1055 759 1105 796 est
1149 758 1442 803 mobilissimum,
1496 772 1588 810 aque
1630 759 1740 798 fluida
1773 758 1855 806 (u)

253 823 358 875 pulte
402 831 532 872 parum
562 821 719 858 omnino
749 818 874 856 distat:
910 818 1052 856 videtur
1078 819 1116 856 in
1140 819 1239 859 labili
1278 819 1462 858 elemento
1498 819 1589 857 nihil
1613 817 1768 870 potuisse
1799 820 1856 855 in-

259 880 391 921 scribi:
445 881 483 917 &
532 878 829 917 omnino'adeo
864 877 1142 917 vehementium
1182 878 1425 917 sensationum
1473 880 1623 928 vestigia
1674 879 1859 917 continuo

265 940 492 981 evanescunt.

326 999 575 1040 Confirmatur
606 997 706 1036 idem
732 1009 797 1047 per
825 1003 965 1036 aetatem
990 997 1180 1036 cerebrum
1213 998 1250 1035 &
1281 997 1452 1037 hactenus
1477 997 1680 1037 indurescit.
1744 995 1798 1034 Ita
1822 996 1862 1034 &

261 1060 506 1100 sensationum
533 1059 654 1096 minus
689 1057 825 1101 veIOX,
862 1057 983 1096 minus
1004 1057 1108 1095 fortis
1140 1058 1189 1094 est
1209 1058 1354 1096 effecius
1372 1087 1382 1101 ,
1416 1058 1453 1095 &
1485 1065 1612 1097 contra
1640 1063 1788 1095 manent
1800 1067 1863 1094 ve-

267 1122 372 1171 stigia
397 1131 542 1161 rerum,
577 1118 613 1155 &
636 1117 790 1167 perfecta
828 1129 928 1156 nunc
961 1118 1011 1155 est
1038 1119 1166 1155 animae
1194 1117 1341 1157 facultas
1361 1146 1373 1162 ,
1406 1130 1488 1168 quae
1504 1119 1676 1157 memoria
1713 1116 1863 1160 dicitur,

267 1183 313 1220 ab
342 1192 440 1218 anno
470 1178 545 1216 fere
583 1178 734 1220 octavo,
774 1177 811 1214 &
834 1189 1102 1227 nonnunquam
1145 1178 1262 1215 citius.

330 1240 496 1278 Demum
538 1238 631 1274 circa
667 1235 1008 1286 quinquagesimum
1041 1249 1178 1275 annum
1213 1238 1404 1275 cerebrum
1442 1238 1557 1286 magis
1587 1236 1752 1275 induruit
1790 1246 1867 1272 ma-

272 1301 432 1350 gisque,
475 1304 515 1334 ut
553 1308 822 1346 nonnunquam
856 1298 964 1334 etiam
989 1296 1111 1345 digitis
1147 1297 1184 1333 ὃ(
1222 1296 1376 1334 dernissis
1408 1297 1645 1346 ponderibus,
1689 1297 1725 1333 ἃ
1749 1293 1871 1332 cultro

275 1371 355 1398 eam
382 1357 589 1395 firmitatem
624 1355 861 1394 demonstres.
929 1355 1059 1399 Tunc,
1087 1357 1183 1394 utin
1212 1356 1339 1394 duram
1356 1358 1541 1393 materiem
1566 1359 1658 1403 (x)
1683 1364 1867 1392 novarum

274 1417 516 1457 sensationum
548 1415 696 1464 vestigia
722 1414 917 1454 difficulter
938 1413 1222 1466 imprimuntur,
1257 1415 1294 1452 δε
1328 1426 1456 1464 parum
1483 1414 1629 1453 haerent.
1664 1434 1668 1436 -
1693 1411 1864 1452 Vetusta-

275 1490 360 1517 rum
386 1485 508 1515 autem
540 1486 662 1513 rerum
699 1476 899 1516 memoria,
945 1480 1132 1524 tamquam
1180 1486 1265 1512 cum
1296 1474 1448 1512 cerebro
1488 1471 1726 1515 induruisset,
1780 1483 1870 1509 con-

279 1538 430 1576 stantior
457 1546 558 1573 nunc
582 1533 746 1584 superest.
811 1533 871 1572 Sic
901 1545 985 1571 cum
1029 1534 1207 1572 memoria
1244 1533 1290 1570 ab
1325 1529 1438 1571 adliso
1476 1534 1633 1583 occipite
1660 1531 1793 1571 sublata
1821 1529 1873 1576 es-¹

278 1597 358 1639 set,
400 1602 608 1645 recuperata
633 1593 848 1636 valetudine,
880 1593 985 1631 rediit
1013 1594 1126 1643 rouge
1147 1594 1414 1643 praeteritorum
1441 1593 1669 1637 recordatio,
1700 1603 1778 1629 non
1807 1601 1871 1633 eo-,

279 1662 386 1699 runs,
423 1666 502 1705 quae
519 1653 686 1703 proxima
699 1652 942 1702 praecefferant
957 1654 1008 1700 (y
1025 1652 1064 1700 )³

341 1714 478 1754 Donec
501 1713 698 1752 labascente
724 1724 824 1751 nunc
848 1713 884 1751 δι
900 1713 1052 1762 perinde
1077 1719 1189 1762 puto,
1216 1719 1256 1751 ut
1274 1719 1395 1751 totum
1412 1724 1545 1764 corpus
1560 1740 1572 1757 ,
1605 1712 1656 1750 ob
1671 1709 1876 1750 humorum

280 1775 558 1818 acrimoniam,
621 1774 659 1810 δε
700 1774 953 1810 excretionum
987 1773 1201 1823 pigritiam,
1240 1781 1413 1822 vergente
1446 1773 1490 1810 ad
1520 1771 1751 1823 putredinem
1777 1781 1873 1807 cere-

282 1832 476 1884 bro(z),
506 1846 545 1872 ea
574 1839 657 1871 aetas
681 1832 857 1883 obrepat,
889 1833 927 1869 in
958 1845 1027 1882 qua
1055 1844 1174 1882 neque
1203 1844 1308 1870 novae
1336 1831 1571 1875 sensationes‚
1620 1842 1740 1879 neque
1771 1835 1873 1868 vetu-

286 1896 356 1939 stae,
385 1906 470 1934 cum
491 1892 608 1944 aliqua
641 1904 741 1932 nunc
770 1893 971 1932 constantia
1006 1893 1122 1931 menti
1149 1893 1467 1944 repraesentantur,
1522 1891 1581 1929 sed
1602 1892 1735 1942 pariter
1768 1888 1877 1927 senex

503 1950 506 1951 ⁷
1834 1947 1873 1985 δε

330 2108 364 2145 (s
380 2109 395 2146 )
426 2108 445 2138 S
458 2118 508 2138 cn
525 2118 539 2138 ι
553 2118 610 2138 Νι(-
622 2117 640 2138 13
653 2119 670 2138 L
696 2114 752 2139 art.
764 2110 858 2141 Mem,
870 2107 963 2140 dete&
995 2119 1024 2147 p.
1045 2108 1094 2144 84.

329 2150 399 2187 (t)
440 2150 610 2180 Bomoi«
630 2149 650 2179 1.
666 2159 690 2180 c.
723 2150 758 2181 T.
783 2150 831 2181 lV.
867 2154 957 2188 p.60.
1017 2150 1102 2181 Cau
1117 2156 1216 2181 ειυς
1235 2149 1317 2179 h'omo
1338 2159 1396 2179 nen
1419 2144 1562 2179 machina
1584 2156 1613 2180 n.
1632 2155 1678 2187 30.
1701 2146 1758 2178 &0-
1804 2140 1883 2175 Addi

289 2190 468 2222 qucnz
496 2190 528 2220 L.
546 2189 579 2221 V.
603 2200 629 2228 p.
652 2195 719 2221 162.

331 2232 402 2268 (u)
423 2231 612 2261 Bonnam
637 2241 722 2268 p.77.

335 2273 403 2310 (x)
435 2272 468 2301 ln
490 2272 608 2302 homine
630 2294 638 2307 ,
667 2273 714 2309 qui
740 2271 775 2303 ad
800 2272 951 2304 infantiam
981 2273 1126 2311 redierat,
1156 2272 1304 2304 cerebrum
1324 2273 1429 2306 siccum
1446 2295 1455 2312 ,
1496 2273 1627 2309 flavum,
1657 2266 1791 2306 ftiabilh
1820 2267 1884 2298 ΠΨ

295 2324 398 2346 vorum
425 2313 550 2351 origines
571 2313 648 2343 ficcae
673 2315 699 2343 δι
725 2314 889 2351 graciliores
913 2315 950 2345 H.
972 2315 1008 2345 de
1025 2316 1080 2346 ΗΕ
1094 2326 1108 2345 Β
1123 2325 1165 2346 ns
1182 2313 1234 2354 obs]
1269 2325 1296 2354 p.
1315 2324 1366 2356 45.

335 2353 523 2393 (y)Tu1,
539 2364 566 2385 P.
593 2354 623 2384 L.
639 2354 687 2384 IV.
721 2365 744 2385 c.
764 2364 808 2392 ις.

333 2396 406 2434 (z)
428 2394 565 2428 Consumi
590 2397 617 2428 δι
642 2395 735 2429 minui
756 2395 979 2431 namur
1017 2407 1045 2437 p.
1064 2405 1130 2437 392.
