2003 2764
308 142 396 181 474
724 127 1043 170 LIB.XV-J.
1139 129 1339 171 VIS
1400 131 1438 171 U
1498 131 1532 171 S.

310 226 529 266 animalibus
554 223 641 278 (c)
686 226 793 264 exiam
839 227 972 275 magis,
1020 232 1081 265 aut
1115 232 1212 265 certe
1257 226 1343 265 senii
1385 226 1599 276 diaphanam
1630 228 1724 277 (d)
1751 242 1759 268 :
1812 231 1895 280 pul-'

307 298 392 337 pam
422 288 524 326 nervi
559 287 673 336 optici
694 288 738 334 (e
763 287 780 333 >
819 298 894 324 non
927 287 965 323 in
995 285 1254 330 chotoideam,
1287 286 1392 325 sedin
1414 289 1564 325 retinam
1591 289 1765 337 produci,
1791 302 1900 340 quam

309 358 380 398 pro
418 346 642 397 epidermide
679 346 762 384 dare
796 345 838 383 fit
868 346 912 383 ab
945 348 1049 384 oruni
1090 348 1342 394 experimento
1385 347 1659 386 alieniffimum:
1712 348 1778 386 effe
1818 362 1898 387 eam

306 408 466 444 tunicam
497 410 531 443 in
563 407 668 443 omni
696 405 841 443 animali
870 404 1021 443 fimilern
1046 404 1171 456 (12³⁶),
1203 405 1446 444 subcineream
1468 405 1563 455 (f),
1595 407 1639 445 ad
1673 420 1802 446 ornnes
1835 420 1899 447 co-

303 466 400 504 lores
417 465 650 515 adiaphoram
675 477 683 502 :
719 464 955 503 choroideam
975 494 985 508 ‚
1022 471 1061 503 ut
1073 466 1269 503 coloratam
1286 494 1296 509 ‚
1328 465 1428 503 aliter
1443 479 1462 504 a
1477 466 1538 504 suo
1553 464 1681 504 colore
1698 469 1816 505 radios
1834 479 1897 506 co-

304 525 442 563 loratos
475 525 633 573 maligne
666 533 920 574 recepturam:
959 525 1124 562 eamdem
1143 525 1262 563 lucem
1282 527 1317 562 in
1336 526 1499 575 plurimis
1532 527 1811 575 quadrupedum
1841 539 1895 566 re-

303 583 462 628 flauere,
493 597 622 623 nervos
657 596 813 632 paucos,
851 583 927 621 vasa
952 584 1083 621 habere
1120 584 1428 627 numercfiss‘ima,
1469 597 1629 633 quorum
1661 585 1781 625 nullus
1818 586 1895 624 sen-

303 644 360 682 sus
397 644 463 688 fit,
504 646 539 682 &
569 643 791 694 potiilimum
809 645 844 681 in
871 645 1014 692 origine
1030 643 1087 681 sua
1101 655 1230 681 nervos
1249 647 1308 682 vix
1341 645 1433 683 ullos
1461 647 1656 694 acccipere,
1691 647 1729 682 in
1753 657 1824 695 qua
1845 653 1896 684 ta-

304 716 390 741 men
424 712 593 756 oporteat
618 704 749 752 objecti
769 705 964 752 imaginem
996 705 1109 752 pingi.
1164 703 1322 742 Puerum
1343 704 1554 751 ehorioidea
1575 705 1682 742 rubra
1697 713 1817 742 tamen
1836 706 1890 743 vi-

303 762 461 815 diffe(g
480 765 521 811 ),
558 764 594 800 δι
621 763 810 802 cuniculos
841 763 947 801 rubra
971 762 1180 800 cliorioidea
1214 763 1335 801 videre
1368 763 1431 812 (h)
1450 792 1460 807 ,
1497 765 1533 801 &
1555 764 1664 802 alium
1682 764 1889 808 hominem,

302 824 341 861 in
369 835 446 874 quo
474 825 661 872 nigrorem
694 824 894 868 amiserat,
938 821 1028 860 lueis
1076 821 1233 861 habuisse
1261 822 1408 861 sensum.
1474 822 1628 865 Itidem,
1674 823 1893 861 chorioideae

303 885 557 932 propaginem,
593 882 905 920 non'irritabilem
931 880 998 918 effe
1019 880 1110 931 (i),
1146 894 1346 931 parumque
1381 881 1539 921 sensilem
1574 880 1682 930 (k),
1740 884 1777 920 ὃς
1816 884 1892 930 ejus

301 950 469 984 motum,
510 941 614 980 nullo
645 953 729 980 cum
759 942 835 988 ejus
872 943 1024 990 proprio
1048 942 1163 984 vitio,
1212 941 1341 982 deleri,
1394 940 1418 977 fi
1461 953 1592 979 nervus
1630 944 1772 990 opticus
1803 954 1894 979 con-

300 1000 434 1051 preffus
454 1001 579 1045 fuerit,
609 1013 694 1039 cum
720 1013 795 1051 quo
813 1012 990 1051 nusquam
1017 1002 1285 1048 conjungatur3
1330 1012 1449 1050 neque
1481 1002 1589 1050 recipi
1611 1000 1707 1049 poffe
1735 1002 1777 1037 ab
1801 1001 1892 1039 iride

297 1061 540 1100 choroideam
574 1061 668 1099 nasei
696 1061 784 1108 (l).
836 1061 953 1099 Nervi
983 1061 1097 1109 optici
1126 1060 1244 1097 sedem
1267 1071 1390 1097 cavam
1410 1058 1501 1103 effe,
1549 1072 1627 1109 quae
1647 1072 1738 1098 caeca
1753 1059 1818 1103 fit,
1852 1068 1894 1099 ut

296 1121 362 1160 lux
391 1133 468 1159 non
510 1121 614 1160 cadat
644 1122 681 1158 in
702 1119 805 1158 fibras
825 1121 889 1168 (m
905 1122 949 1167 );
981 1126 1042 1158 aut
1074 1121 1226 1156 retinam
1245 1121 1294 1157 ibi
1312 1120 1475 1157 callosam
1504 1121 1540 1156 δε
1572 1119 1729 1158 duram(
1746 1119 1812 1165 n).

359 1182 497 1220 Verum
542 1181 691 1218 fortiora
750 1180 925 1218 habemus
962 1187 1200 1228 argumenta,
1243 1181 1279 1216 ἃ
1319 1191 1399 1228 quae
1444 1187 1579 1227 cogant
1607 1179 1650 1216 ad
1688 1178 1886 1218 adsensum,

295 1239 421 1279 Primo
437 1249 559 1280 totum
589 1241 884 1289 experimentum
907 1239 951 1276 M
967 1250 1024 1276 Aa
1040 1250 1053 1274 1
1068 1251 1166 1276 OT'r
1181 1251 1193 1275 1
1218 1238 1307 1276 nihil
1327 1241 1370 1276 ad
1395 1251 1469 1276 rem
1488 1240 1579 1275 iacit.
1627 1238 1720 1276 Nam
1743 1239 1782 1275 in
1801 1238 1887 1276 loco

293 1311 417 1344 caeco,
454 1300 525 1339 five
556 1298 713 1349 ingressu
748 1300 851 1337 nervi
885 1299 1000 1349 optici
1039 1298 1137 1336 nulla
1161 1300 1276 1336 retina
1313 1299 1364 1335 est
1386 1298 1485 1344 (0);
1519 1296 1588 1335 Sed
1621 1297 1699 1336 alba
1731 1297 1809 1341 est,
1846 1305 1889 1336 ut

293 1368 377 1399 ante
409 1371 473 1399 20.
507 1371 623 1398 annos
654 1358 908 1407 monui(p)‚
943 1357 1178 1401 membrana,
1217 1357 1385 1396 cellulosa
1421 1358 1458 1394 &
1497 1356 1651 1406 porosa:
1710 1358 1811 1405 cuius
1838 1356 1884 1396 ad

297 1419 414 1458 visum
450 1421 622 1458 inidonea
657 1427 782 1457 natura
808 1416 900 1456 nihil
922 1419 1046 1456 -retinae
1076 1417 1195 1467 potest
1224 1417 1409 1466 derogare.

352 1479 501 1518 Deinde
547 1478 782 1518 certissimum
814 1484 1074 1526 argumentum
1109 1476 1183 1519 est,
1221 1488 1296 1525 quo
1324 1475 1524 1514 ostenditur
1552 1476 1589 1513 in
1615 1474 1778 1525 plurimis
1807 1477 1885 1514 ani-

291 1539 447 1579 malibus
476 1539 565 1578 lucis
596 1539 717 1577 radios
749 1537 794 1575 ad
814 1536 1079 1576 Chorioideam
1107 1537 1264 1573 omnino
1287 1548 1363 1573 non
1394 1537 1593 1585 pervenire.
1660 1534 1704 1572 Et
1735 1537 1772 1572 in
1812 1535 1883 1573 ho-

291 1600 392 1637 mine
416 1600 512 1644 vidi,
544 1599 580 1637 &
609 1600 646 1637 in
675 1598 800 1636 avibus
817 1625 828 1640 ‚
853 1597 941 1635 utin
959 1596 1064 1633 ardea
1082 1623 1092 1639 ‚
1124 1593 1239 1633 sedin
1265 1595 1418 1645 piscibus
1435 1596 1598 1644 inprimis
1617 1623 1627 1638 ,
1650 1603 1766 1633 totam
1784 1595 1881 1632 inte-

292 1660 427 1698 riorem
457 1660 585 1699 faciem
613 1660 745 1697 tunicae
772 1654 993 1695 chorioideae
1026 1654 1177 1694 obliniri
1209 1667 1321 1694 muco
1350 1657 1572 1706 nigerrimo,
1611 1656 1674 1705 qui
1700 1656 1739 1692 in
1766 1654 1880 1692 oculo

1810 1714 1881 1751 rite

331 1835 391 1872 (c)
422 1835 521 1866 Leone
544 1834 582 1866 du
606 1834 735 1864 mnu
755 1840 824 1870 corp,
845 1833 934 1862 anim.
965 1831 997 1862 L.
1015 1830 1042 1861 Π
1078 1840 1103 1861 c.
1123 1838 1149 1869 ς.

328 1877 399 1914 (d)
428 1878 653 1907 HAMRERGER
683 1885 707 1911 ρ,
725 1883 794 1912 ςκς.ι
818 1884 853 1903 ne
876 1872 1060 1904 comburatur
1080 1881 1094 1901 a
1122 1870 1216 1901 radiis.

329 1918 396 1954 (e)
420 1917 659 1947 RAr-irnaauw
682 1916 716 1944 de
736 1913 871 1945 cutm-aet.
900 1913 929 1952 p.
946 1923 992 1951 32.
1030 1913 1177 1944 CAMPRR
1195 1917 1277 1950 part.
1295 1912 1367 1946 ocul.
1396 1919 1422 1951 p.
1445 1920 1489 1949 ις.

329 1957 671 1996 (0³)Duvmmw1,
695 1967 714 1995 p
745 1962 811 1990 164.

328 1999 396 2038 (f)
425 1999 564 2030 Alborem
590 1999 636 2030 vel
666 1997 808 2035 nigrorem
831 1996 934 2035 requiri
960 1995 1136 2028 Humi
1157 2003 1269 2034 p.191.

327 2042 395 2080 (g)
430 2041 590 2071 Donum.
612 2038 753 2079 supplem.
775 2046 868 2077 p.51.

326 2082 398 2120 (h)
427 2093 455 2121 p.
471 2092 518 2113 20.

325 2127 392 2163 (ἱ)
414 2135 433 2162 P
463 2133 517 2162 ³7¹
547 2130 603 2162 372

325 2169 395 2205 (k)
416 2175 444 2203 P·
475 2174 542 2202 372·

325 2208 390 2246 (l)
415 2201 520 2237 Onam
547 2205 580 2234 tle
591 2201 736 2243 amaurqfi.
762 2201 847 2235 conf.
867 2211 894 2240 p.
915 2204 982 2240 367.

322 2251 339 2286 (
355 2252 412 2286 m)
443 2248 698 2278 Musscmzmn.
720 2254 750 2275 n.
772 2252 858 2281 ¹2²3·

351 2293 401 2329 n)
422 2290 671 2321 Poaussmnn
691 2285 726 2316 T.
743 2285 780 2315 11.
811 2295 838 2322 p.
858 2292 925 2319 254.

346 2335 387 2371 ο)
413 2331 508 2362 Habet
529 2328 596 2359 inde
613 2327 759 2357 Kauana
788 2322 990 2364 defensatione
1011 2332 1038 2361 p.
1053 2331 1102 2354 ιι.
1121 2321 1266 2363 phystolog,
1291 2333 1319 2363 p„
1339 2324 1407 2359 562·

339 2376 391 2415 p)
416 2375 522 2404 comm.
552 2370 581 2400 in
612 2368 815 2402 Bonnam.
841 2365 875 2397 T.
895 2365 945 2398 lv.
971 2367 1087 2404 p.467.
