2003 2764
326 185 378 228 93
743 169 1017 211 LIB.XII.
1083 169 1433 211 TACTUS.

325 277 380 314 tio
409 273 546 321 ingrata
572 266 717 320 supersit
745 264 828 305 flexi
860 273 954 306 artus
983 265 1152 316 preffive,
1201 273 1262 305 aut
1300 267 1365 305 alia
1398 276 1632 318 quaecunque.
1699 269 1784 310 Earn
1819 275 1922 315 facile

325 333 572 382 negligimus,
622 329 658 366 &
685 327 734 364 est
776 338 821 364 ex
860 328 899 364 iis
945 325 1228 369 sensationibus,
1290 338 1443 375 quarum
1484 328 1619 366 conscii
1664 342 1740 368 non
1787 333 1916 372 sumus.

326 393 452 439 Quam
494 392 652 440 primum
679 387 841 424 animum
874 385 1129 427 adtendimus,
1158 391 1279 423 totum
1311 397 1443 435 corpus
1462 415 1471 430 ,
1506 389 1542 424 in
1568 385 1642 437 qub
1680 390 1768 428 nihil
1794 391 1920 431 sentie-

325 453 485 492 bamus,
535 450 570 486 in
598 445 736 484 sensum
766 445 962 487 excitatur,
1014 445 1050 481 Sc
1089 444 1223 492 ubique
1255 444 1327 481 fere
1367 446 1648 484 incommodum
1685 450 1917 499 percipimusss

326 510 416 549 Haec
443 507 542 546 causa
567 507 642 549 est,
677 516 739 544 cut
768 503 872 543 situm
899 515 1031 554 corpus
1054 501 1189 541 neeesse
1230 501 1271 540 fit
1299 512 1462 542 mutare:
1505 506 1539 543 δι
1569 517 1631 544 cur
1661 509 1698 544 in
1731 508 1823 548 letio
1848 522 1918 549 nos

327 570 517 619 agitemus,

930 674 963 717 ξ.
1005 669 1049 709 V.
1118 668 1320 718 Epidermis.

386 783 443 823 Ad
467 782 577 821 taetus
610 781 818 819 violentiam
854 777 1113 816 moderandam
1144 778 1336 828 epidermis
1371 791 1389 816 a
1412 786 1534 818 natura
1561 780 1646 821 fafia
1673 783 1731 821 est.
1794 784 1917 825 Deme

327 855 406 882 eam
432 843 524 882 adeo
562 841 705 878 minimi
730 837 910 876 momenti
936 838 1167 887 particulam,
1201 840 1271 886 jam
1312 847 1388 876 tota
1418 841 1486 877 vita
1512 840 1670 879 hominis
1687 850 1914 884 tormentum

325 904 405 941 erit.
471 901 575 940 Cutis
606 901 702 937 enim
730 897 907 947 emplastri
938 896 1136 934 veficatorii
1166 899 1200 934 vi
1231 899 1273 935 ab
1306 897 1528 946 epidermide
1560 899 1739 939 denudata
1773 903 1911 941 nullam

326 961 490 1003 vestem,
520 960 556 996 δι
588 971 634 996 ne
667 970 788 996 auram
819 956 968 1005 quidem
996 955 1094 993 feret.
1149 955 1261 993 Nunc
1287 957 1322 993 &
1359 957 1505 1005 quidem
1537 957 1684 1006 singulis
1727 962 1764 997 in
1807 964 1917 1010 parti-

323 1020 392 1058 bus
428 1026 569 1057 tantum
610 1018 654 1054 de
695 1017 802 1053 nimia
830 1014 1040 1064 papillarum
1077 1014 1260 1052 senfilitate
1288 1016 1478 1063 epidermis
1503 1016 1640 1059 demit,
1674 1027 1848 1067 quantum
1867 1021 1914 1058 ad

325 1081 407 1116 vitae
439 1077 517 1115 usus
552 1075 683 1114 auferri
719 1074 898 1124 praestitit:
934 1085 1058 1122 parum
1091 1073 1203 1111 demit
1221 1072 1257 1110 in
1287 1074 1417 1122 glande
1436 1077 1537 1123 penis
1564 1076 1671 1112 virilis
1691 1105 1701 1119 ,
1739 1079 1773 1115 in
1798 1079 1911 1122 labiis,

325 1137 370 1175 ad
408 1136 496 1174 bafia
543 1134 738 1177 destinatis,
770 1134 832 1171 ubi
855 1133 973 1170 tenuis
1004 1131 1075 1179 est3
1107 1132 1305 1181 plurimum
1337 1144 1422 1170 vero
1448 1135 1485 1170 in
1532 1135 1714 1183 principio
1751 1137 1915 1175 inferiori

323 1195 496 1237 hallucis,
533 1195 644 1242 inque
672 1200 754 1230 cute
787 1191 874 1228 calci
908 1190 1080 1237 subjecta,
1123 1192 1181 1228 cui
1201 1203 1334 1239 corpus
1361 1193 1554 1241 oportebat
1590 1195 1708 1231 inuiti.
1761 1195 1914 1234 Utrum-

323 1266 394 1304 que
423 1265 498 1291 non
528 1249 727 1289 necessitate
757 1250 820 1293 fit,
852 1248 953 1286 sed'a
984 1248 1163 1287 manifesta
1198 1248 1299 1287 DEI
1329 1251 1568 1298 providentia.
1621 1252 1716 1289 Nam
1740 1254 1773 1290 δι
1794 1266 1913 1303 puero

323 1315 393 1360 jam
423 1321 541 1350 tenera
564 1310 718 1348 cuticula
751 1308 822 1350 est,
859 1309 918 1345 cui
941 1307 1059 1344 nullus
1096 1309 1196 1356 penis
1234 1308 1282 1345 est
1309 1309 1416 1355 usus,
1453 1310 1489 1346 δι
1520 1309 1609 1348 fetui
1641 1309 1745 1348 craffa
1783 1313 1917 1362 plantae

320 1370 423 1421 pedis
452 1369 645 1419 epidermis
663 1397 672 1410 ,
707 1368 768 1416 qui
798 1367 965 1403 nondum
1006 1366 1039 1403 se
1070 1367 1195 1404 calceis
1220 1366 1375 1403 adtrivit.

385 1430 519 1467 Mucus
552 1428 994 1469 MALplGfllANUs,
1033 1425 1157 1463 oleum
1189 1437 1273 1462 cum
1319 1425 1398 1474 pilis
1437 1426 1639 1470 exsudans,
1685 1427 1917 1478 perspirabile·

321 1488 386 1527 sub
413 1487 635 1536 epidermide
661 1484 823 1522 adfusum
841 1512 849 1525 ‚
883 1496 938 1521 eas
961 1484 1106 1533 papillas
1138 1483 1350 1521 conservant
1376 1485 1502 1523 molles
1519 1514 1528 1528 ,
1563 1494 1784 1536 tenerasque.

379 1546 445 1584 Pili
468 1549 504 1583 iu
534 1544 736 1583 universum
770 1542 1003 1585 calefaciunt,
1034 1543 1070 1578 ἃ
1098 1544 1274 1591 primaevae
1306 1543 1514 1582 animalium
1543 1544 1623 1583 sunt
1650 1546 1790 1584 vestes:
1824 1547 1915 1586 hine

319 1607 356 1644 in
392 1606 570 1646 homine,
618 1602 766 1652 quando
798 1603 930 1639 nimius
967 1602 1003 1638 in
1035 1603 1151 1650 capite
1177 1601 1276 1638 aestus
1310 1601 1542 1646 dominatur,
1587 1603 1719 1642 utiliter
1750 1605 1910 1644 resecan-

318 1672 386 1703 tur.
437 1664 479 1701 In
525 1663 653 1700 delirio
694 1669 800 1711 caput
850 1659 979 1698 tondet
1016 1659 1264 1698 ARETAEUS
1291 1657 1408 1712 (y),
1461 1663 1500 1699 in
1553 1662 1720 1712 cephalea
1759 1663 1913 1703 feliciter:

319 1724 377 1761 alii
417 1724 507 1769 (z),

379 1781 535 1819 Eosdem
578 1779 670 1829 pilos
714 1776 979 1816 exhalationem
1017 1777 1088 1816 olei
1133 1788 1374 1826 promovere,
1420 1779 1509 1817 dum
1552 1781 1715 1819 foramen
1752 1781 1908 1821 liberum

318 1841 477 1884 servant,
526 1851 588 1888 per
625 1838 725 1888 quod
758 1837 853 1874 idem
890 1836 1012 1874 oleum
1048 1835 1214 1879 exhalat,
1256 1837 1292 1873 &
1318 1837 1406 1875 dum
1431 1837 1636 1876 cellulosam
1675 1840 1781 1878 telam
1810 1843 1905 1880 circa

318 1899 434 1938 finum
464 1898 617 1937 bulbum
643 1897 847 1945 colliguut3
880 1895 929 1933 est
965 1894 1018 1933 Cl.
1045 1895 1224 1940 Lunwi
1243 1906 1322 1933 (311
1360 1894 1531 1935 sententia
1573 1897 1700 1949 (πῆ.

1794 2016 1899 2057 Llss,

356 2181 421 2218 (gy)
449 2182 539 2209 Curat
565 2188 638 2209 arm.
656 2180 675 2209 ἶ.
720 2190 741 2209 c.
763 2188 785 2208 ι,

355 2221 428 2256 (2)
458 2221 605 2250 Huwrs
634 2219 683 2258 οὔ]
705 2229 750 2255 7³-
786 2229 802 2256 p
832 2228 899 2253 150,

355 2261 413 2298 (ι’
428 2268 441 2300 >
464 2264 584 2292 Humor.
608 2268 666 2290 cut.
697 2262 785 2298 immg
818 2265 907 2298 P·28·
