2003 2764
394 113 1420 171 SECT.L1NTELLECTUS.
1609 133 1685 174 54³5

100 227 275 278 percipit,
304 237 389 265 cum
423 228 616 265 conveniat
639 237 724 265 cum
755 225 831 265 visu
869 234 982 264 certas
1006 225 1219 264 umbrarum
1246 222 1342 261 sedes
1371 222 1585 271 detegente,
1655 222 1722 281 fit·

107 294 148 326 ut
177 298 263 325 cum
296 287 339 323 iis
370 285 509 324 umbris
539 286 616 324 idea
646 286 878 324 rotunditatis
913 286 1001 331 (n)
1029 284 1154 322 tettilis
1177 285 1433 332 coniungatur.
1489 280 1593 319 Veris
1610 280 1691 319 idea

106 347 290 385 revocabit
318 345 445 383 viridia
473 345 585 388 folia,
629 356 746 383 novos
766 347 938 383 arborum
971 343 1101 387 flores,
1136 344 1294 381 laetitiam
1333 350 1477 380 naturae.
1524 341 1555 378 A
1584 341 1692 378 latro-

106 417 153 442 ne
169 433 179 449 ,
209 405 245 442 in
260 405 429 454 exemplo
451 403 479 443 Β
493 416 516 442 o
532 417 551 442 e
566 416 624 441 ΒΗ
639 416 659 441 Α
673 416 730 441 Av
748 416 760 440 1
774 417 795 441 A
814 417 837 440 N
856 416 901 447 o,
931 403 975 440 ad
998 402 1167 441 annosam
1187 414 1362 451 quercum
1384 400 1499 439 homo
1521 398 1690 449 spoliatus

103 464 183 502 fuir„
220 462 433 513 Nunquam,
456 463 756 513 quinquagefimo
769 463 848 513 post
862 474 980 504 anno,
1009 474 1086 500 eam
1107 461 1246 499 videbit
1267 472 1466 510 quercum,
1510 461 1600 509 quin
1613 460 1689 506 ejus

107 523 221 561 menti
240 522 342 566 latro,
372 524 408 560 &
420 523 619 572 periculum
634 522 749 566 suum,
777 524 813 559 δι
831 529 907 560 tota
923 523 1057 570 tragica
1069 521 1213 559 historia
1233 520 1353 558 vivide
1365 525 1530 558 recurrat.
1580 517 1690 568 Equi-

106 588 180 619 tem
214 581 352 624 vidisti,
383 594 459 619 non
483 582 616 620 redibit
638 582 749 631 pedes
768 609 779 623 .
815 581 875 619 sed
901 593 1013 631 equus
1040 581 1159 618 virum
1176 608 1186 622 ‚
1215 581 1334 618 virum
1350 591 1459 629 eques
1479 578 1657 628 sequetur.

166 639 219 678 Eo
246 652 347 679 nunc
372 641 488 679 modo
518 640 615 691 signa
634 648 714 679 nata
739 639 848 684 sunt,
877 652 1010 690 nempe
1025 641 1141 690 prima
1160 651 1239 689 quae
1258 639 1355 682 soni,
1390 638 1584 680 arborem,
1619 636 1689 675 ho-

106 700 317 769 minemque
340 699 584 746 definientes,
616 713 688 739 una
718 712 803 738 cum
843 699 981 738 arboris
1006 699 1212 737 hominisve
1238 699 1395 747 imagine
1427 697 1682 763 pronuntiata-e

108 759 146 796 &
179 744 332 797 secunda
361 759 459 808 figna
487 760 597 798 literae
633 760 805 797 nimirum
830 759 990 809 scriptae,
1029 770 1109 808 quae
1139 769 1223 796 curn
1240 758 1547 807 pronunciatione
1564 756 1685 793 nomi-

106 829 197 856 num
226 818 461 861 coaluerunt‚
490 830 536 857 ex
556 819 688 868 quibus
721 819 867 856 arbores
879 817 1122 868 hominesque
1138 816 1405 866 adgnoscimus.
1454 814 1499 854 Et
1529 827 1569 853 ea
1587 814 1685 863 figna

104 876 260 916 secunda
290 878 405 927 prima
430 878 601 921 trahunt,
665 884 705 916 ut
751 876 876 926 figurae
925 877 1033 915 sonos
1081 884 1255 915 revocent
1273 904 1284 920 ‚
1339 874 1419 914 soni
1443 875 1653 924 imaginem.

165 936 338 986 Denique
368 949 455 975 cum
479 938 568 975 ideae
597 937 777 987 pleraeque
806 936 1009 987 complexae
1040 935 1108 974 fint
1127 964 1137 980 ‚
1171 931 1334 974 maximo
1363 935 1403 973 fit
1428 946 1511 973 cum
1543 935 1686 983 generis

104 995 256 1034 humani
280 995 505 1040 commodo,
540 1003 581 1035 ut
605 1003 725 1035 totum
757 995 905 1046 systema
943 997 1141 1034 notionum
1170 995 1405 1044 peculiarium
1435 996 1484 1042 (o
1516 994 1531 1040 )
1575 1005 1686 1032 unam

105 1053 227 1094 ideam
245 1055 396 1093 totalem
421 1056 749 1106 componentium,
783 1054 816 1093 se
844 1062 963 1094 teneat
1000 1057 1127 1093 innato
1157 1053 1331 1098 vinculo,
1371 1053 1409 1091 &
1436 1064 1506 1091 una
1540 1059 1689 1091 revocet

106 1126 239 1153 omnes
270 1114 358 1163 (p).
434 1114 648 1153 Londinum
686 1115 868 1158 nomino,
923 1121 1114 1153 revocatur
1149 1114 1330 1152 continuo
1372 1111 1451 1150 idea
1497 1111 1582 1149 aedis
1634 1111 1685 1150 D.

104 1173 227 1216 Pauli,
272 1173 395 1213 Palatii
428 1173 655 1217 Whitehall‚
693 1174 814 1223 pontis
836 1175 1025 1224 utriusque
1044 1202 1054 1217 ,
1109 1173 1260 1216 Turris,
1301 1170 1460 1211 Tamesis
1479 1199 1490 1215 ‚
1556 1182 1688 1211 eorum

106 1234 304 1276 omnium,
356 1242 451 1284 quae‘
481 1233 527 1272 de
573 1232 748 1272 Londino
776 1234 1019 1273 meminimus.
1133 1232 1316 1271 Nominas
1376 1230 1580 1274 circulum,
1631 1242 1689 1277 re-⁴

107 1293 220 1332 currit
235 1292 421 1336 definitio,
458 1294 497 1331 &
526 1295 784 1343 proprietates,
821 1294 858 1331 δε
896 1292 1072 1344 aequatio,
1114 1304 1194 1343 quae
1238 1290 1364 1330 circuli
1388 1290 1568 1329 character
1609 1289 1690 1333 est,

108 1353 149 1390 δε
181 1351 378 1396 diameter,
409 1353 445 1390 &
473 1352 620 1396 radius,
651 1353 690 1390 ὅτ.
727 1363 807 1402 quae
850 1352 916 1391 alia
944 1353 1070 1392 circuli
1110 1358 1276 1390 naturam
1309 1350 1564 1399 ingrediuntur
1584 1377 1594 1392 ,
1649 1349 1690 1386 δε

107 1411 156 1450 ab
188 1422 234 1448 eo
273 1411 444 1462 pendent.
493 1412 632 1462 Sponte
677 1423 759 1451 vere
793 1411 870 1449 haec
899 1412 1012 1456 fiunt,
1050 1414 1089 1451 ὅτ,
1116 1411 1252 1461 absque
1285 1408 1413 1448 animae
1445 1409 1595 1451 labore,
1649 1408 1690 1446 ec

108 1470 258 1518 vestigia
296 1483 317 1508 a
351 1470 477 1515 sensu,
546 1472 682 1522 absque
730 1470 918 1510 voluntate
952 1473 1012 1521 (q
1045 1471 1063 1519 )
1097 1471 1254 1514 animae,
1285 1471 1394 1508 etiam
1425 1467 1602 1507 efficacius
1635 1478 1691 1505 re-

108 1535 300 1567 novantur.
850 1555 869 1572 (Α

170 1587 303 1638 Neque
325 1588 370 1627 ab
393 1588 605 1628 animalibus
643 1588 721 1627 haec
750 1590 894 1639 penitus
917 1588 1111 1636 absunt(r
1136 1589 1193 1637 ).
1234 1588 1362 1638 Signa,
1404 1592 1520 1626 certas
1557 1597 1691 1637 nempe

111 1658 249 1690 voces,
293 1647 331 1685 &
366 1648 485 1687 baculi
511 1660 596 1687 cum
631 1648 760 1686 dolore
786 1649 850 1688 suo
886 1660 1021 1687 nexum
1048 1647 1151 1687 facile
1179 1648 1398 1698 percipiunt.

171 1706 277 1744 Adeo
307 1706 466 1757 denique
494 1707 532 1744 &
558 1708 827 1752 involuntarie,
853 1709 892 1746 δι
921 1708 1062 1747 fortiter
1087 1707 1234 1756 vestigia
1268 1719 1286 1745 a
1309 1702 1485 1744 similibus
1513 1705 1621 1755 fignis
1637 1716 1691 1742 re-

112 1771 302 1808 vocantur,
330 1773 370 1804 ut
401 1768 439 1804 in
465 1774 587 1806 motus
603 1774 804 1817 erumpant.
857 1766 956 1806 Nam
996 1767 1349 1806 medicamentorum
1374 1764 1585 1804 odiosorum
1624 1775 1693 1802 no-

113 1836 228 1869 men,
262 1824 320 1864 vel
340 1825 456 1869 odor,
506 1834 568 1865 aut
602 1826 835 1870 vehiculum,
861 1828 900 1865 in
921 1839 996 1877 quo
1029 1828 1143 1867 sumta
1161 1825 1267 1870 sunt,
1314 1824 1479 1864 nauseam
1523 1825 1562 1863 ἃ.
1600 1835 1694 1873 pene

114 1886 298 1923 vomitum
335 1886 551 1936 movent(s
572 1886 617 1936 )‚
665 1886 702 1924 &
732 1886 890 1937 denique
914 1888 1071 1926 omnino
1117 1897 1266 1925 vomere
1301 1891 1443 1935 cogunt
1471 1885 1515 1933 (t
1541 1884 1587 1932 >2
1635 1889 1697 1920 aut

1573 1941 1696 1981 alvum

222 2048 291 2086 )n.
313 2048 381 2085 580.

154 2049 174 2125 ἕ
183 2058 282 2127 2²1³)
259 2088 399 2120 Palatium
413 2104 422 2122 9
439 2094 470 2121 ut
497 2100 548 2130 per
567 2091 675 2131 {iugula
687 2091 835 2124 conclavia
849 2091 1038 2132 imaginetur,
1067 2091 1188 2125 aedificat
1213 2091 1248 2124 M
1262 2101 1281 2122 υ
1293 2099 1314 2122 κ
1328 2100 1349 2121 Α
1362 2099 1382 2121 ἰν
1395 2099 1415 2121 ο
1433 2099 1471 2120 Μ
1510 2099 1540 2129 p.
1558 2098 1608 2125 ις.

155 2130 440 2209 (p)BonoNz'1·
463 2141 491 2169 p.
507 2133 575 2169 156.

262 2253 280 2282 S
295 2263 341 2283 cn
357 2264 442 2284 oct
469 2252 589 2293 aversat
615 2253 668 2292 cas.
702 2267 733 2294 p.
750 2256 820 2292 268,

246 2292 275 2323 H
288 2296 531 2333 annnaapiar.
549 2305 578 2335 p.
598 2296 667 2335 183.
700 2297 754 2329 Str·
767 2308 789 2328 A
803 2307 857 2330 HL
878 2299 911 2331 de
930 2298 1094 2331 autocratia
1115 2301 1216 2329 natur
1239 2305 1269 2335 p.
1284 2298 1354 2334 296.
1363 2294 1414 2325 Ed·
1434 2301 1521 2332 germ.-

174 2386 301 2437 Haller
336 2396 532 2449 Physiolog.
595 2398 706 2443 Tom.
747 2398 800 2442 V.
1106 2422 1110 2426 -
1199 2399 1234 2440 Z
1259 2409 1284 2438 z
1311 2409 1335 2436 z

155 2171 336 2288 {}}W
264 2212 357 2243 Etiam
365 2211 558 2244 Burro„
585 2213 958 2257 Hist.natur.11.p.440.

154 2292 221 2330 (t)
