2003 2764
341 120 780 165 SECTIOII.
857 120 1465 166 CORPUSCULA.
1609 130 1686 168 157

152 220 280 260 Gravis
301 221 350 259 est
368 221 462 259 odor
491 221 661 259 rancidus
697 223 860 271 corrupti
885 221 998 271 adipis
1038 221 1181 259 balaenae
1197 248 1206 263 ,
1229 218 1458 267 aliorumque
1479 217 1688 255 animalium

92 280 337 324 marinorum,
367 281 403 317 &
438 281 552 329 adipis
581 282 700 320 avium
733 281 887 330 piscibus
921 281 953 318 se
985 281 1184 326 alentium3
1231 279 1351 326 gravis
1389 279 1496 314 etiam
1533 277 1567 314 δι
1601 289 1689 315 nau-

92 340 207 377 seosus
241 342 277 377 in
303 340 373 376 aiio
403 339 531 388 adipe,
570 341 633 389 qui
664 351 729 389 per
765 342 922 378 calorem
953 341 985 377 ἃ
1025 347 1168 387 tempus
1199 340 1324 375 vitium
1373 338 1582 380 contraxit,
1634 339 1686 374 in-

94 412 164 448 que
187 399 329 436 faecibus
357 398 552 436 hominum
583 400 675 436 male
709 401 857 448 pinguia
886 400 1200 449 concoquentium
1239 395 1474 445 graviffimus.

152 457 278 495 Gravis
313 458 361 495 est
392 459 525 506 putridi
550 460 611 495 ovi
638 457 749 496 faetor.

151 516 193 553 ln
217 517 282 559 his,
313 529 406 566 quos
449 517 621 560 diximus,
644 518 828 556 faetoribus
863 519 993 555 veneni
1029 517 1100 554 fere
1128 517 1178 553 vis
1214 515 1283 558 est,
1321 521 1361 552 ut
1396 516 1602 558 vomitum,
1649 516 1685 552 ὃς

91 581 312 625 pertinacem
342 575 520 624 quidem,
555 585 747 619 moveant,
778 579 813 615 δι
845 578 972 616 ocuios
999 576 1225 614 inflamment
1254 575 1269 621 (
1294 588 1311 610 s
1338 572 1365 623 ).

149 636 312 683 Ingratus
339 635 388 671 est
411 634 499 672 casei
523 635 642 678 odor,
679 635 715 674 δί
746 636 872 675 adfinis
909 636 1036 676 ossiiini
1068 644 1351 684 corruptorum,
1386 632 1573 672 cuiiimiIe
1597 633 1684 683 quid

90 695 267 744 myrtillus
302 694 418 731 haber.

151 753 268 792 Grave
288 754 384 792 virus
407 754 456 792 est
482 755 573 792 inter
609 755 773 794 animalia
800 756 916 799 hirci,
958 755 1164 805 serpentum
1198 752 1475 791 nonnuiiorum.
1531 751 1586 789 Ad
1613 751 1682 788 hir-

90 824 173 851 cum
206 813 344 851 accedit
372 820 466 851 certa
491 813 649 852 orchidis
680 815 832 865 species,
884 817 919 853 &
957 814 1196 864 gnaphalium
1233 812 1405 850 faetidum.

154 872 210 911 Ad
239 873 376 910 cimicis
408 872 561 912 odorem
595 876 828 914 coriandrum
865 887 1016 920 recens3
1053 873 1172 911 orchis
1192 873 1235 910 ab
1262 872 1378 910 odore
1399 871 1501 908 dicia.

148 930 276 970 Gravis
309 931 360 968 est
390 931 494 970 faetor
516 932 681 977 auratus,
725 936 789 985 qui
813 935 914 972 idem
946 935 981 972 δι
1011 936 1046 971 in
1067 933 1205 971 bufone
1236 933 1438 981 repetitur,
1479 930 1515 967 δι
1549 931 1586 967 in
1616 930 1683 967 fos-

87 989 204 1029 filium
232 991 449 1040 quibusdam
476 992 844 1041 degenerationibus3
901 1001 979 1031 tum
1013 996 1050 1030 in
1073 992 1224 1033 alliaria,
1258 993 1374 1029 cicuta
1411 991 1570 1032 minori,
1606 989 1682 1025 lan-

89 1057 189 1092 tana,
219 1051 340 1093 chara,
370 1050 422 1088 asa
457 1051 676 1103 faetida-20).
731 1054 872 1092 Adfinia
903 1053 982 1091 sunt
1016 1054 1160 1101 gummi
1213 1051 1330 1088 faetida
1371 1049 1540 1099 galbani,
1588 1048 1685 1096 saga-

89 1110 182 1158 peni.
240 1108 336 1147 Huic
361 1110 467 1147 odori
494 1111 673 1159 peculiare
703 1112 773 1155 est,
810 1112 1044 1150 vehementer
1078 1113 1115 1148 &
1157 1110 1219 1148 diu
1245 1110 1440 1152 inhaerere,
1477 1110 1583 1146 etiam
1609 1109 1683 1145 ani-

89 1171 156 1206 mae
174 1196 182 1211 ‚
215 1168 250 1205 &
275 1168 522 1218 perspirationi
556 1170 752 1208 hominum
781 1173 820 1209 iis
848 1172 978 1220 plantis
1007 1171 1200 1209 utentium.

150 1226 260 1266 Odor
284 1229 418 1277 putorii
438 1256 447 1270 ‚
481 1230 591 1266 urinae
619 1229 758 1273 felinae,
806 1231 867 1279 qui
893 1230 943 1267 est
973 1232 1010 1266 in
1043 1230 1193 1279 geranio
1224 1229 1433 1265 robertiano
1451 1227 1593 1269 mitior,
1647 1227 1684 1263 Sc

92 1287 154 1336 qui
176 1284 277 1323 iden!
307 1286 527 1325 adfinitatem
551 1287 658 1326 habet
693 1300 776 1327 cum
809 1291 887 1326 ribe
916 1290 1043 1337 nigra,
1073 1289 1108 1326 δε
1137 1287 1307 1326 thalictro
1343 1286 1475 1324 facticio-

145 1344 282 1383 Lenior
317 1345 411 1384 odor
440 1347 488 1384 est
518 1346 713 1396 hystericus
755 1348 814 1386 iiie
840 1348 976 1391 Lamii,
1027 1347 1263 1398 galeopfidis,
1313 1346 1498 1385 saiviarum
1524 1357 1682 1395 quarun-

91 1403 198 1447 dam,
234 1407 481 1447 cattariarum‚
518 1407 678 1444 ballotes.

147 1463 277 1502 Tenue
295 1493 306 1507 ,
345 1463 402 1501 sed
426 1464 572 1508 efficax,
607 1479 787 1505 venenum
815 1468 864 1505 est
897 1468 1047 1517 paeonia:
1066 1495 1075 1509 ‚
1112 1465 1307 1507 heliebori‚
1342 1465 1501 1506 veratri,
1528 1463 1676 1507 cicutae,

90 1525 244 1566 aconiti,
270 1523 443 1572 delphinii
459 1526 592 1562 aconiti
621 1526 736 1569 folio,
779 1527 930 1574 capfici‚
970 1526 1196 1576 asciepiadis,
1243 1525 1365 1575 jaiapae
1384 1554 1393 1568 ,
1428 1524 1581 1566 linariae,
1608 1535 1682 1560 me=

91 1580 262 1631 lampyri,
291 1585 476 1633 totiusque
511 1596 604 1634 pene
628 1585 736 1624 claffis
766 1587 991 1636 didynamiae·
1028 1586 1194 1634 diangiae.

146 1640 408 1681 Vehementius
440 1644 489 1681 est
534 1645 629 1682 virus
666 1646 702 1682 in
747 1644 908 1694 Tagete,
945 1644 1191 1694 lycopersico,
1241 1643 1373 1687 senna,
1417 1641 1516 1681 caffia
1543 1641 1677 1685 faetida„

90 1698 167 1737 lilio
190 1699 324 1738 reflexo
349 1703 485 1746 rubro,
519 1703 716 1747 fritillaria,
756 1716 892 1743 corona
914 1703 1100 1754 imperiali.
1147 1704 1270 1742 Etiam·
1292 1704 1353 1740 iste
1398 1702 1494 1740 odor
1525 1713 1678 1738 venena-

86 1767 158 1796 tam
194 1761 266 1797 vim
299 1761 445 1799 indicat.

144 1817 323 1867 Ingratam
351 1821 503 1859 muriam
536 1821 668 1872 spirant
693 1821 876 1873 spongiae,
918 1824 954 1860 δι
982 1822 1092 1873 pisces
1122 1823 1247 1860 marini
1278 1828 1438 1859 recentes
1470 1820 1595 1862 multi,
1643 1820 1684 1856 ὃς

85 1876 210 1915 adfinis
239 1877 368 1916 halecis
397 1883 532 1927 muria3
565 1889 652 1919 tum»
670 1883 708 1919 in
734 1883 863 1931 plantis
892 1882 1170 1932 chenopodium
1205 1881 1376 1920 faetid'uni.

143 1936 360 1976 Narcoticus
393 1939 488 1978 odor
519 1941 568 1978 est
604 1941 805 1990 cynogioffi
830 1971 840 1985 ,
894 1942 1118 1993 lithospermi
1145 1940 1240 1980 offic.
1281 1941 1557 1989 mandragorae,
1599 1948 1678 1987 gra*-

84 1996 237 2045 viorque
266 1996 497 2048 hyoscyami,
543 2002 742 2038 nicotianae.

144 2053 187 2091 Et
216 2057 355 2104 opiatus
387 2060 485 2107 opii,
519 2059 662 2097 lactucae
688 2060 843 2110 spinosae.

145 2112 188 2151 Et
209 2114 447 2155 bituminosus
483 2119 695 2162 bituminis,
733 2120 899 2170 naphthae
925 2122 961 2158 in
994 2120 1128 2170 lapides
1152 2120 1318 2157 arenosos
1352 2118 1513 2157 resumtae
1543 2146 1551 2160 ,
1585 2116 1689 2166 quaii

85 2172 253 2211 sabulosae
279 2186 383 2224 rupes
407 2178 500 2215 circa
531 2177 750 2229 chavornay
780 2181 895 2230 piena:
922 2180 1014 2218 sunt.
1071 2179 1111 2218 In
1147 2179 1366 2229 quibusdam
1400 2177 1582 2271 speciebsug
1606 2176 1679 2213 Pas·

1516 2241 1519 2249 ⁶
1547 2250 1555 2272 1
1585 2247 1677 2276 orae,

123 2335 190 2416 8))
214 2337 367 2407 ΒηξιΝι
395 2344 601 2379 experimenta.
648 2343 691 2373 De
716 2342 780 2374 oleo
809 2341 961 2375 balaena'rio
976 2345 1173 2376 Munus:
1202 2345 1238 2375 de
1261 2344 1356 2374 foricis
1382 2341 1469 2380 vui'go
1494 2348 1594 2370 notum
1608 2338 1653 2368 est.

132 2394 136 2397 >
216 2388 244 2416 p.
267 2389 278 2408 ι
307 2389 335 2412 ι.
