2003 2764
287 146 364 185 με
665 129 1014 175 LIRXVI.
1108 131 1495 175 VISUS.

721 249 754 292 §-
790 242 876 285 IX.
949 242 1079 298 Tarsus
1110 252 1263 296 uterque.
1334 244 1431 284 cilia.

351 356 403 394 Ut
430 355 599 406 palpebra
629 366 691 392 ora
722 353 834 392 libera
869 361 985 393 totam
1014 355 1109 393 suam
1138 355 1367 393 latitudinem
1400 361 1540 398 teneat,
1572 355 1610 392 in
1631 354 1734 391 omni
1757 359 1871 399 motu,

288 429 408 465 neque
430 426 618 463 utcunque
647 415 827 452 contram
855 413 914 452 fiat
943 415 1142 453 secundum
1173 414 1406 452 transversam
1440 415 1655 453 diametrum
1674 414 1872 462 angustior,

277 486 402 514 natura
433 474 534 511 ssznili
564 474 635 510 fere
661 474 811 512 artifieio
843 473 898 512 usa
927 474 998 517 est,
1033 487 1109 524 quo
1137 474 1292 523 grandes
1317 471 1455 511 tabulas
1493 474 1599 523 pietas
1641 473 1795 510 solemus
1821 473 1878 510 di-

280 535 454 572 stendere.
522 532 572 570 Ut
608 535 705 570 enim
734 533 777 571 ad
813 534 982 572 baculum
1023 546 1108 571 eum
1142 533 1398 576 extendimus,
1459 533 1507 570 ita
1545 533 1589 570 ad
1625 532 1875 579 cartilaginem

277 594 446 644 palpebra
482 594 614 631 utravis
643 591 830 636 firmatur,
889 604 999 643 quam
1031 592 1169 644 tarsum
1213 593 1377 630 dicimus.
1458 590 1608 629 Lamina
1638 591 1688 629 est
1724 600 1873 634 uterve,

277 653 439 703 superior
464 659 586 690 tamen
620 655 760 700 major,
798 653 911 700 magis
944 650 1116 695 lunatas,
1148 651 1285 690 sursum
1317 662 1537 696 convexum
1569 650 1718 688 inferior
1746 650 1875 687 rectior

278 714 316 751 Sc
346 715 438 750 inter
459 713 679 749 exreriorem
706 713 877 760 paginam
910 712 1091 762 palpebrae
1111 739 1121 753 ,
1165 711 1202 748 &
1225 712 1461 754 interiorem,
1495 712 1652 759 margini
1679 711 1874 759 proximus

277 773 521 821 interponitur
542 771 632 818 (c).
684 770 849 822 Uterque
877 770 985 809 tarsus
1009 771 1054 811 ad
1082 773 1263 809 exteriora
1295 772 1452 807 maxime
1487 769 1706 819 gracilescit,
1745 768 1789 806 ad
1816 780 1877 806 na-

278 831 357 870 sum
381 829 521 868 crassior
555 830 604 867 est
625 830 681 878 (d
700 832 729 878 ).
796 830 1014 881 Aliquanto,
1051 842 1160 881 quam
1196 829 1391 881 palpebra,
1430 830 1613 870 breviores
1627 837 1792 880 uterque.

340 889 444 928 Idem
471 901 599 938 margo
618 919 628 933 ,
674 901 719 928 ex
739 898 823 929 cute
862 891 999 929 tumida
1030 891 1163 934 fanus,
1212 891 1488 940 multiplicem(
1516 903 1535 928 e
1561 892 1577 936 )
1622 890 1790 929 ordinem
1826 890 1877 927 ci-

279 949 408 988 liorum
436 947 514 997 (f)
550 948 741 998 producit,
781 949 941 1000 pilorum
969 963 1102 999 nempe
1133 950 1332 993 durorum,
1373 949 1626 993 elasticorum,
1664 951 1727 999 qui
1753 951 1790 986 in
1823 948 1878 987 su-

279 1009 415 1058 periori
445 1009 612 1057 palpebra
634 1008 714 1059 (g)
745 1010 951 1053 uberlores,
979 1010 1092 1059 longe
1126 1008 1373 1051 descendunt,
1414 1009 1545 1046 deinde
1584 1021 1668 1046 arcu
1695 1008 1786 1046 farto
1804 1008 1879 1046 sur-

279 1067 356 1106 sum
376 1067 620 1106 -reflestuntur
643 1068 697 1116 (h
716 1071 757 1113 ):
790 1071 827 1105 in
854 1069 1024 1118 palpebra
1051 1069 1214 1106 inferiori
1242 1072 1363 1119 primo
1391 1068 1640 1111 adscendunt,
1672 1067 1805 1105 deinde
1822 1079 1878 1104 re·

280 1128 365 1165 flexi
391 1126 559 1165 deorsum
595 1126 769 1173 redeunt3
804 1131 974 1178 utrinque
1002 1140 1047 1166 eo
1084 1121 1298 1177 longiores,
1341 1140 1416 1178 quo
1450 1128 1577 1165 mediae
1612 1127 1790 1176 palpebrae
1823 1127 1878 1164 vi-

281 1189 447 1225 ciniores.
524 1187 613 1225 Haec
644 1186 723 1224 cilia
767 1188 895 1224 rimam
931 1189 1077 1237 utrique
1110 1189 1290 1237 palpebrae
1326 1186 1574 1236 interpositam
1625 1186 1869 1228 obumbrant,

279 1245 444 1295 lucisque
465 1245 643 1284 accessum
663 1254 795 1284 arcent.
849 1246 983 1284 Eadem
1000 1248 1035 1284 &
1058 1248 1199 1285 colores
1220 1248 1267 1295 (i
1300 1253 1312 1295 )
1342 1246 1551 1295 splendidos
1568 1275 1579 1287 ,
1617 1258 1636 1284 a
1663 1245 1767 1283 radiis
1798 1244 1873 1282 for-

282 1304 436 1344 tioribus
466 1304 577 1344 lucidi
601 1307 765 1354 corporis
793 1307 1194 1355 praetergredientibus,
1254 1306 1290 1344 &
1329 1305 1470 1343 inflexis
1490 1333 1500 1348 ,
1550 1313 1653 1343 natos
1682 1304 1869 1347 induunt,

281 1366 319 1403 &
346 1364 474 1401 iridem
501 1365 636 1404 faciunt
660 1366 894 1409 circularem,
939 1379 1019 1416 quae
1055 1366 1196 1404 summo
1227 1377 1331 1404 mane
1350 1394 1359 1410 ,
1397 1366 1491 1403 circa
1521 1364 1686 1405 humedta
1718 1362 1800 1403 cilia
1826 1362 1872 1401 ad

279 1424 468 1463 candelam
500 1424 764 1464 CAnTssslo
800 1425 915 1469 olim,
963 1427 1000 1463 ἅτ.
1027 1425 1118 1463 mihi
1149 1424 1330 1474 saepiffime
1364 1424 1540 1474 adparuit.

796 1537 830 1579 §-
865 1532 918 1573 Χ.
998 1533 1175 1572 Glandulae
1196 1533 1355 1584 fi’baceae.

340 1644 382 1682 In
413 1648 565 1692 utraque
591 1641 785 1691 palpebra,
824 1655 869 1680 ne
895 1642 975 1681 tarli
1002 1643 1064 1682 fibi
1092 1644 1170 1682 illili
1203 1652 1324 1682 cutem
1354 1642 1623 1682 convulnerent
1644 1639 1758 1693 (k),
1792 1643 1878 1681 causs

281 1710 362 1742 tum
392 1703 441 1740 est
476 1702 690 1750 smegmate,
735 1702 836 1750 quod
876 1715 991 1752 nuper
1017 1712 1204 1742 excretum
1235 1703 1421 1753 limpidius
1450 1701 1514 1751 (l)
1543 1703 1615 1745 est,
1672 1714 1736 1752 per
1777 1701 1877 1739 ficei-

281 1769 391 1800 tatem
423 1772 510 1799 vero
546 1763 582 1798 &
611 1762 700 1799 aeris
726 1763 800 1798 vim
830 1762 904 1799 abit
931 1764 970 1799 in
995 1762 1120 1801 sebum
1153 1763 1265 1800 molle
1287 1764 1303 1811 (
1322 1774 1357 1799 m
1375 1761 1412 1811 )‚
1449 1763 1487 1799 in
1503 1763 1742 1804 vermiculos,
1791 1772 1877 1797 nam

282 1821 379 1865 vidi,
419 1819 627 1869 figurabile.
678 1821 789 1870 inque
833 1820 954 1859 lemas.
1025 1822 1068 1861 Id
1116 1834 1269 1872 unguen
1313 1822 1481 1873 antiquis,
1514 1822 1727 1859 anatomicis
1768 1820 1878 1858 mini-

1816 1889 1877 1918 me

326 1993 397 2030 (c)
420 1993 502 2023 Conf.
527 1993 627 2024 ZxNN
652 1990 735 2031 deser.
756 1994 827 2026 ocul.
849 2003 874 2032 ρ
895 1996 961 2029 246.
1011 1995 1200 2026 Wmsrow
1223 2005 1250 2027 n.
1267 1997 1333 2032 269.
1348 2003 1418 2032 270.

326 2033 396 2111 ξιξ)
425 2035 624 2064 Wmsrow,
656 2034 895 2064 Senomnona
924 2038 957 2064 de
972 2035 1024 2074 fist.
1042 2040 1160 2067 lacrum.

302 2116 309 2123 ‚
385 2075 397 2111 )
422 2074 525 2144 Tripm
549 2075 738 2104 W¹NSLOW
762 2085 779 2104 n
808 2081 871 2113 278-
908 2085 1031 2114 quatuor
1057 2079 1185 2109 Auru.
1206 2077 1315 2108 adnot.
1333 2074 1461 2108 1..V111.
1493 2084 1520 2114 p.
1542 2084 1588 2114 3²·
1620 2076 1648 2107 δε
1671 2074 1701 2106 in
1721 2076 1798 2105 icone
1814 2073 1877 2113 plu.
1900 2088 1907 2091 ἡ

288 2124 361 2147 rium
384 2123 395 2144 t
430 2125 453 2150 3·
495 2126 537 2149 -4-

376 2158 387 2188 ἃ
420 2153 566 2189 memmium-r
586 2155 722 2186 POLLux
749 2155 780 2186 L.
797 2154 832 2187 ll.
855 2165 922 2196 c.4.

352 2197 400 2234 g)
426 2198 553 2225 Aram.
578 2199 611 2225 ic.
632 2198 678 2226 cit.

358 2237 401 2272 h)
434 2236 533 2266 ΖιΝΝ
556 2245 586 2274 p.
603 2242 670 2274 248.
686 2245 756 2275 249.

356 2278 393 2314 z)
416 2274 543 2306 Bana'
574 2285 643 2310 oper.
669 2287 688 2314 p
715 2278 785 2313 484.
803 2282 872 2313 485.

354 2320 372 2347 k
391 2319 402 2353 )
441 2317 542 2347 Deleto
561 2317 645 2354 adipe
669 2318 698 2347 in
715 2318 848 2347 tarsorum
864 2324 944 2349 motu
965 2318 1051 2350 sonus
1064 2318 1097 2348 fit
1122 2319 1163 2350 Cl.
1185 2319 1415 2352 Bam-nomn.
1449 2318 1540 2361 instit.
1557 2323 1639 2349 anat.
1663 2326 1776 2357 9494.

355 2360 395 2394 l)
422 2358 569 2388 maxum(
594 2358 674 2396 Epist.
696 2359 730 2387 ad
760 2359 981 2389 LANGELOTT
1016 2371 1033 2399 p
1109 2361 1136 2391 Bi
1162 2371 1186 2398 3.
1211 2362 1238 2391 b.

363 2399 419 2436 m)
455 2398 639 2429 Winstow
670 2409 697 2430 n.
720 2410 787 2438 279.
816 2400 1015 2433 Subviscidum
1037 2401 1283 2433 Mau-uruat<
1313 2411 1384 2441 p.7.
1422 2401 1482 2432 Fila
1499 2400 1610 2434 trahere
1630 2399 1872 2432 mortetenus.
