2003 2764
344 125 1387 170 320T.1.1NTELLECTUS.
1578 137 1656 175 535

77 216 177 271 figna
201 232 321 261 rerum
352 221 486 272 regulae
517 223 598 261 vitae
627 221 816 267 humanae,
868 223 1069 274 nessraeque
1102 223 1222 263 tutelae
1259 224 1295 262 &
1329 221 1506 261 felicitatis
1536 221 1661 260 conse-

79 281 233 330 quenda».
263 281 357 330 leges
388 290 493 320 certae
525 281 636 320 condi
663 280 802 330 poffint.
874 282 923 321 Ita
957 283 1148 326 charrum,
1208 285 1340 332 quibus
1387 281 1533 330 publica
1570 280 1660 319 fides

82 341 160 377 auri
195 340 229 377 δι
260 341 399 388 argenti
442 341 599 389 pretium
632 341 829 390 imprimit,
862 353 963 392 aeque
1002 354 1099 380 veras
1139 342 1279 380 divitias
1318 341 1474 383 faciunt,
1510 351 1552 379 ac
1580 342 1660 390 qui-

84 398 169 436 dem
190 410 338 441 aurum,
372 405 432 438 aut
464 411 621 442 merces,
655 411 735 449 quae
755 412 837 438 cum
873 412 962 440 auro
994 400 1218 452 aequivalent.

142 457 254 496 Nune
276 459 396 495 anima
428 459 546 501 nostra
569 460 720 509 percipit
749 458 982 498 sensationem
1000 487 1010 503 ,
1047 460 1200 498 nascitur
1240 470 1372 508 nempe
1400 458 1437 497 in
1466 469 1504 496 ea
1541 468 1659 495 novus

82 515 210 558 status,
249 515 310 566 qui
344 516 454 566 paulo
481 520 578 568 prius
610 529 686 555 non
715 517 856 562 fuerat,
889 521 1003 568 inque
1048 531 1093 556 eo
1115 519 1223 561 statu,
1261 518 1349 556 dum
1377 518 1406 555 is
1438 516 1570 561 durat,
1606 528 1662 553 re-

84 574 314 624 praesentatur
344 575 480 625 aliquid
516 578 644 613 animae
669 577 764 623 ejus,
804 578 903 626 quod
940 581 975 614 in
1000 577 1164 615 universo
1196 588 1315 615 rerum
1343 577 1485 624 agitur:
1521 587 1595 613 non
1622 575 1660 612 id

83 634 348 682 quossagitur‚
383 646 467 673 nam
494 634 582 684 saepe
607 636 656 673 est
691 636 725 673 id
753 636 1015 685 repetendum3
1049 636 1106 673 sed
1137 636 1269 685 aliquid
1290 635 1332 673 ad
1367 635 1423 676 id,
1458 634 1559 683 quod
1583 635 1660 682 agi-

84 701 142 730 tur
174 694 368 742 analogum
406 695 461 739 (u
486 694 533 741 )‚
594 695 629 732 δι
656 695 841 732 constante
871 694 932 732 etfi
972 696 1153 732 arbitraria
1198 697 1278 743 lege
1316 693 1515 731 revinolum
1552 693 1647 742 (x).

83 750 214 800 Estque
244 753 280 789 id
315 753 416 801 quod
452 755 571 801 agitur
603 755 638 789 in
666 766 822 804 corpore
854 755 978 792 nostro
1017 756 1115 791 nervi
1144 753 1348 803 perculfio:
1396 760 1493 788 extra
1521 763 1658 801 corpus

85 810 249 848 nostrum
281 812 331 849 est
358 812 606 861 quodcunque
633 812 918 861 pliaenomenon,
960 814 1060 862 quod
1100 825 1163 862 per
1196 813 1352 861 aliquem
1387 812 1548 861 quinque
1582 809 1659 848 sen·

82 868 185 907 suum
214 870 422 909 nostrorum
451 871 567 920 potest
603 872 639 907 in
668 874 783 909 anima
811 874 1052 910 mutationem
1083 872 1200 910 datam
1225 874 1387 909 excitare.

141 928 342 978 Incipimus
373 931 432 967 hic
465 932 621 967 animam
649 941 667 966 a
699 942 854 979 corpore
882 931 1128 980 distinguere;
1175 931 1276 980 quod
1311 932 1406 967 enim
1436 931 1472 968 in
1505 928 1658 967 cerebro

80 986 141 1030 fit,
194 987 231 1024 id
254 996 374 1025 motus
392 989 441 1026 est
469 988 567 1026 fibrae
595 989 822 1027 medullaris:
869 991 969 1039 quod
1006 993 1041 1028 in
1075 992 1218 1032 anima,
1268 990 1303 1027 id
1338 990 1387 1026 est
1416 991 1493 1026 idea
1531 989 1574 1025 ab
1612 999 1657 1025 eo

81 1053 187 1084 motu
220 1046 455 1086 diverfiffima,
522 1047 606 1085 Eam
636 1050 752 1086 anima
780 1050 815 1085 &
841 1048 947 1086 habet
968 1049 1030 1087 fibi
1052 1048 1312 1090 obversantem,
1341 1050 1377 1085 &
1406 1049 1561 1086 omnino
1598 1054 1658 1094 ap-

74 1107 245 1152 percipit‚
287 1118 417 1155 nempe
432 1106 574 1144 conscia
595 1107 643 1143 est
664 1107 727 1145 libi
758 1109 1023 1156 repraesentarig
1058 1115 1179 1146 motus
1210 1107 1353 1145 interim
1381 1107 1554 1154 alicujus,
1595 1113 1657 1144 aut

79 1166 118 1200 in
146 1166 296 1203 cerebro
311 1165 409 1203 1⁵⁶8(ae
427 1167 659 1208 mutationis,
697 1174 758 1205 aut
786 1168 823 1204 in
835 1179 958 1210 nervo,
988 1169 1129 1217 penitus
1157 1169 1278 1216 ignara
1296 1194 1305 1210 ,
1349 1174 1388 1204 ut
1419 1168 1533 1204 infans
1556 1177 1660 1214 aeque

79 1224 172 1260 bene
201 1236 343 1262 mecum
369 1233 430 1263 aut
462 1225 601 1267 audiat,
629 1233 689 1263 aut
726 1225 870 1263 colores
908 1228 1051 1270 videat,
1083 1234 1251 1264 caeterum
1279 1226 1475 1274 nequidem
1510 1228 1547 1263 in
1575 1236 1658 1262 aure

77 1284 217 1319 interna
230 1282 262 1320 se
287 1283 411 1321 audire
429 1285 528 1321 norit
542 1311 553 1327 ,
594 1293 656 1323 aut
678 1285 715 1321 in
735 1286 847 1323 oculo
869 1286 1012 1329 videre,
1053 1285 1118 1323 nisi
1135 1298 1197 1335 per
1215 1287 1444 1322 ratiocinium
1462 1295 1660 1332 utrumque

78 1341 254 1380 didicerit.
307 1342 416 1380 Mens
446 1354 536 1391 ergo
557 1343 656 1381 aliud
681 1345 769 1393 quid
790 1345 839 1382 est
869 1357 888 1382 a
914 1357 1083 1394 corpore.
1151 1344 1297 1394 Corpus
1327 1343 1350 1380 fi
1375 1344 1468 1382 foret
1486 1372 1495 1387 ,
1544 1345 1579 1381 δι
1607 1351 1660 1380 ta-

76 1411 163 1437 men
186 1402 459 1449 apperciperet,
497 1404 850 1451 apperciperet(y)
895 1407 1021 1453 utique
1051 1411 1194 1441 motum
1232 1406 1268 1440 in
1305 1404 1461 1442 medulla
1497 1403 1656 1445 cerebri,

81 1461 146 1507 qui
176 1459 270 1497 solus
297 1460 346 1497 est
374 1462 410 1497 in
442 1472 621 1509 corpore:
667 1473 768 1500 nunc
805 1475 884 1501 non
918 1475 1001 1502 eum
1024 1491 1035 1507 ‚
1076 1462 1135 1500 sed
1163 1462 1327 1500 colorem
1370 1464 1548 1513 percipit,
1595 1462 1660 1513 qui

76 1519 115 1554 in
156 1520 344 1556 cerebrum
369 1531 445 1556 non
472 1521 700 1568 imprimitur.

136 1576 226 1614 Non
256 1589 384 1615 omnes
420 1577 507 1615 ideae
536 1579 704 1616 videntur
738 1581 917 1628 appercipi
959 1582 1016 1628 (z
1036 1579 1052 1625 )
1074 1606 1085 1622 ,
1132 1580 1191 1617 sed
1216 1592 1263 1618 eae
1288 1581 1394 1624 solae,
1442 1593 1521 1629 quae
1550 1580 1661 1630 paulo

78 1635 250 1673 fortiores
278 1636 379 1679 sunt,
417 1644 478 1675 aut
510 1638 630 1675 minus
657 1650 721 1689 per
748 1639 1050 1677 consuetudinem
1079 1640 1274 1677 nobiscum
1307 1640 1505 1678 familiares.
1570 1640 1662 1677 Non

79 1695 268 1737 videmur,
337 1697 374 1732 in
420 1696 608 1734 ordinario
656 1699 737 1734 vitae
787 1697 955 1742 humanae
986 1696 1102 1744 ‘casu‚
1150 1701 1380 1748 appercipere
1420 1699 1662 1748 respirationis

75 1761 248 1797 motum,
271 1753 333 1791 etii
359 1766 377 1792 a
406 1755 592 1793 voluntate
625 1755 805 1799 nascitur,
859 1758 896 1794 δι
930 1757 1033 1795 facile
1064 1758 1306 1807 appercipitur
1325 1786 1335 1801 ,
1390 1759 1661 1807 quamprimum

76 1812 248 1852 volumus
278 1815 521 1863 appercipere.
577 1814 666 1853 Non
698 1817 966 1866 appercipimus
1007 1816 1097 1854 levia
1136 1817 1193 1853 illa
1224 1817 1479 1859 incommoda,
1535 1829 1552 1853 a
1579 1815 1660 1854 luce

75 1871 245 1914 fortiori,
303 1880 364 1910 aut
402 1873 546 1912 aliunde
593 1882 694 1917 nata,
741 1887 823 1924 quae
872 1883 1014 1925 cogunt
1049 1875 1233 1925 palpebras
1271 1877 1459 1918 claudere,
1495 1887 1569 1912 non
1606 1875 1660 1913 so-

74 1942 145 1968 nos
178 1930 375 1980 perdebiles
393 1961 402 1975 ,
440 1945 517 1971 non
540 1933 727 1972 contaetus
753 1934 906 1974 vestium
942 1936 979 1972 in
1008 1942 1151 1977 cutem,
1197 1947 1277 1985 quae
1310 1938 1430 1973 omnia
1459 1934 1660 1986 appercipi-

74 2001 180 2034 mus,
218 1992 489 2041 quamprimum
514 1992 631 2031 libet.-
665 2005 745 2044 quae
782 1993 874 2034 adeo
914 1996 1041 2034 animae
1071 1994 1394 2048 repraesentantur,
1427 1994 1487 2032 sed
1514 1996 1580 2036 ita,
1618 1999 1659 2031 ut

1582 2064 1660 2100 ejus

113 2162 350 2241 {‡))1kiid.5³4'

121 2245 167 2282 (y
185 2247 199 2281 )
229 2246 386 2277 Cerebrum
408 2245 434 2277 se
452 2246 543 2284 ipsum
567 2257 625 2280 non
647 2248 751 2290 sentit,
775 2260 871 2292 neque
894 2250 1066 2291 cognoscit,
1096 2259 1194 2291 neque
1209 2251 1290 2284 nervi
1303 2250 1331 2283 se
1344 2249 1520 2290 cognoscunt
1557 2249 1651 2279 blm

72 2283 144 2315 d'un
170 2288 334 2316 Americuin
359 2287 396 2319 T.
412 2288 460 2318 vl.
483 2299 512 2326 p.
528 2291 594 2320 160.
616 2295 680 2322 162.

114 2326 159 2363 (2
173 2329 186 2365 )
215 2327 317 2359 Sensus
334 2338 394 2360 non
412 2329 558 2369 perficitur
579 2332 610 2363 in
629 2332 748 2366 homine
763 2343 824 2366 non
842 2336 979 2369 adtento-
1012 2335 1043 2368 N
1058 2345 1077 2367 0
1091 2346 1109 2367 r.
1122 2346 1141 2366 ι
1153 2344 1171 2367 ε
1188 2344 1210 2366 ι·
1239 2334 1260 2367 1.
1273 2344 1299 2366 c.
1327 2334 1363 2366 T.
1374 2333 1396 2366 1.
1423 2343 1455 2372 p.
1467 2339 1533 2372 173·

629 2388 648 2408 Ο
