<?xml version="1.0" encoding="UTF-8"?>
<!DOCTYPE html PUBLIC "-//W3C//DTD XHTML 1.0 Transitional//EN"
    "http://www.w3.org/TR/xhtml1/DTD/xhtml1-transitional.dtd">
<html xmlns="http://www.w3.org/1999/xhtml" xml:lang="en" lang="en">
 <head>
  <title>
</title>
<meta http-equiv="Content-Type" content="text/html;charset=utf-8" />
  <meta name='ocr-system' content='tesseract 3.04.00' />
  <meta name='ocr-capabilities' content='ocr_page ocr_carea ocr_par ocr_line ocrx_word'/>
</head>
<body>
  <div class='ocr_page' id='page_1' title='image "./elementaphysiolo05hall_0273.png"; bbox 0 0 2003 2764; ppageno 0'>
   <div class='ocr_carea' id='block_1_1' title="bbox 257 124 1708 186">
    <p class='ocr_par' dir='ltr' id='par_1_1' title="bbox 257 124 1708 186">
     <span class='ocr_line' id='line_1_1' title="bbox 257 124 1708 186; baseline 0.002 -14"><span class='ocrx_word' id='word_1_1' title='bbox 257 124 585 183; x_wconf 56' lang='lat' dir='ltr'><strong>SEch‘sl.</strong></span> <span class='ocrx_word' id='word_1_2' title='bbox 649 130 1504 175; x_wconf 73' lang='lat' dir='ltr'><strong>SONITHEORIAPHYSICA.</strong></span> <span class='ocrx_word' id='word_1_3' title='bbox 1627 148 1708 186; x_wconf 53' lang='lat'><strong>2³9</strong></span> 
     </span>
    </p>
   </div>
   <div class='ocr_carea' id='block_1_2' title="bbox 101 224 1702 577">
    <p class='ocr_par' dir='ltr' id='par_1_2' title="bbox 104 224 1702 396">
     <span class='ocr_line' id='line_1_2' title="bbox 106 224 1702 281; baseline 0.003 -15"><span class='ocrx_word' id='word_1_4' title='bbox 106 224 341 267; x_wconf 81' lang='lat' dir='ltr'><strong>Manifestum</strong></span> <span class='ocrx_word' id='word_1_5' title='bbox 376 228 425 266; x_wconf 92' lang='lat' dir='ltr'><strong>est</strong></span> <span class='ocrx_word' id='word_1_6' title='bbox 455 228 573 272; x_wconf 84' lang='lat' dir='ltr'><strong>adeo,</strong></span> <span class='ocrx_word' id='word_1_7' title='bbox 631 228 801 267; x_wconf 86' lang='lat' dir='ltr'><strong>aetherem</strong></span> <span class='ocrx_word' id='word_1_8' title='bbox 829 229 874 267; x_wconf 85' lang='lat' dir='ltr'><strong>ad</strong></span> <span class='ocrx_word' id='word_1_9' title='bbox 922 227 1052 266; x_wconf 87' lang='lat' dir='ltr'><strong>sonum</strong></span> <span class='ocrx_word' id='word_1_10' title='bbox 1095 229 1380 279; x_wconf 82' lang='lat' dir='ltr'><strong>propagandum</strong></span> <span class='ocrx_word' id='word_1_11' title='bbox 1419 231 1584 281; x_wconf 86' lang='lat' dir='ltr'><strong>ineptum</strong></span> <span class='ocrx_word' id='word_1_12' title='bbox 1614 233 1702 277; x_wconf 84' lang='lat' dir='ltr'><strong>effe,</strong></span> 
     </span>
     <span class='ocr_line' id='line_1_3' title="bbox 106 287 1698 338; baseline 0.004 -14"><span class='ocrx_word' id='word_1_13' title='bbox 106 298 226 338; x_wconf 83' lang='lat' dir='ltr'><strong>neque</strong></span> <span class='ocrx_word' id='word_1_14' title='bbox 254 288 398 330; x_wconf 86' lang='lat' dir='ltr'><strong>videas,</strong></span> <span class='ocrx_word' id='word_1_15' title='bbox 437 288 582 337; x_wconf 88' lang='lat' dir='ltr'><strong>qualern</strong></span> <span class='ocrx_word' id='word_1_16' title='bbox 610 300 751 332; x_wconf 85' lang='lat' dir='ltr'><strong>aerem,</strong></span> <span class='ocrx_word' id='word_1_17' title='bbox 784 302 802 328; x_wconf 86' lang='lat' dir='ltr'><strong>a</strong></span> <span class='ocrx_word' id='word_1_18' title='bbox 830 288 1021 327; x_wconf 84' lang='lat' dir='ltr'><strong>communi</strong></span> <span class='ocrx_word' id='word_1_19' title='bbox 1062 287 1266 333; x_wconf 75' lang='lat' dir='ltr'><strong>diversum,</strong></span> <span class='ocrx_word' id='word_1_20' title='bbox 1301 290 1386 328; x_wconf 84' lang='lat' dir='ltr'><strong>velit</strong></span> <span class='ocrx_word' id='word_1_21' title='bbox 1417 289 1470 328; x_wconf 91' lang='lat' dir='ltr'><strong>Cl.</strong></span> <span class='ocrx_word' id='word_1_22' title='bbox 1503 291 1536 329; x_wconf 93' lang='lat' dir='ltr'><strong>le</strong></span> <span class='ocrx_word' id='word_1_23' title='bbox 1570 290 1698 335; x_wconf 67' lang='grc' dir='ltr'><strong>ΕΔΤ,</strong></span> 
     </span>
     <span class='ocr_line' id='line_1_4' title="bbox 104 346 719 396; baseline 0.002 -11"><span class='ocrx_word' id='word_1_24' title='bbox 104 349 167 396; x_wconf 86' lang='lat' dir='ltr'><strong>qui</strong></span> <span class='ocrx_word' id='word_1_25' title='bbox 192 347 232 385; x_wconf 82' lang='lat' dir='ltr'><strong>fit</strong></span> <span class='ocrx_word' id='word_1_26' title='bbox 266 347 342 385; x_wconf 83' lang='lat' dir='ltr'><strong>soni</strong></span> <span class='ocrx_word' id='word_1_27' title='bbox 377 347 587 386; x_wconf 83' lang='lat' dir='ltr'><strong>vehiculum</strong></span> <span class='ocrx_word' id='word_1_28' title='bbox 628 346 719 395; x_wconf 87' lang='lat' dir='ltr'><strong>(c).</strong></span> 
     </span>
    </p>

    <p class='ocr_par' dir='ltr' id='par_1_3' title="bbox 101 404 1698 577">
     <span class='ocr_line' id='line_1_5' title="bbox 162 404 1698 458; baseline 0.003 -14"><span class='ocrx_word' id='word_1_29' title='bbox 162 407 310 455; x_wconf 85' lang='lat' dir='ltr'>Absque</span> <span class='ocrx_word' id='word_1_30' title='bbox 342 418 498 456; x_wconf 81' lang='lat' dir='ltr'><strong>corpore</strong></span> <span class='ocrx_word' id='word_1_31' title='bbox 533 407 649 445; x_wconf 88' lang='lat' dir='ltr'><strong>solido</strong></span> <span class='ocrx_word' id='word_1_32' title='bbox 679 404 814 456; x_wconf 68' lang='lat' dir='ltr'><strong>poterit</strong></span> <span class='ocrx_word' id='word_1_33' title='bbox 832 409 869 445; x_wconf 89' lang='lat' dir='ltr'><strong>in</strong></span> <span class='ocrx_word' id='word_1_34' title='bbox 900 419 979 445; x_wconf 81' lang='lat' dir='ltr'><strong>aere</strong></span> <span class='ocrx_word' id='word_1_35' title='bbox 1009 406 1117 445; x_wconf 88' lang='lat' dir='ltr'><strong>sonus</strong></span> <span class='ocrx_word' id='word_1_36' title='bbox 1144 409 1256 450; x_wconf 87' lang='lat' dir='ltr'><strong>oriri,</strong></span> <span class='ocrx_word' id='word_1_37' title='bbox 1306 407 1329 445; x_wconf 83' lang='lat' dir='ltr'><strong>fi</strong></span> <span class='ocrx_word' id='word_1_38' title='bbox 1352 407 1504 446; x_wconf 77' lang='lat' dir='ltr'><strong>fluidum</strong></span> <span class='ocrx_word' id='word_1_39' title='bbox 1544 410 1588 448; x_wconf 81' lang='lat' dir='ltr'><strong>ab</strong></span> <span class='ocrx_word' id='word_1_40' title='bbox 1613 412 1698 458; x_wconf 84' lang='lat' dir='ltr'><strong>igne</strong></span> 
     </span>
     <span class='ocr_line' id='line_1_6' title="bbox 102 462 1695 518; baseline 0.003 -16"><span class='ocrx_word' id='word_1_41' title='bbox 102 462 197 503; x_wconf 84' lang='lat' dir='ltr'><strong>intus</strong></span> <span class='ocrx_word' id='word_1_42' title='bbox 226 473 409 514; x_wconf 89' lang='lat' dir='ltr'><strong>concepto</strong></span> <span class='ocrx_word' id='word_1_43' title='bbox 447 469 485 503; x_wconf 89' lang='lat' dir='ltr'><strong>in</strong></span> <span class='ocrx_word' id='word_1_44' title='bbox 531 479 609 505; x_wconf 84' lang='lat' dir='ltr'><strong>aere</strong></span> <span class='ocrx_word' id='word_1_45' title='bbox 649 466 838 517; x_wconf 80' lang='lat' dir='ltr'><strong>explosum</strong></span> <span class='ocrx_word' id='word_1_46' title='bbox 888 467 1019 509; x_wconf 87' lang='lat' dir='ltr'><strong>fuerit,</strong></span> <span class='ocrx_word' id='word_1_47' title='bbox 1071 474 1111 504; x_wconf 84' lang='lat' dir='ltr'><strong>ut</strong></span> <span class='ocrx_word' id='word_1_48' title='bbox 1134 467 1183 503; x_wconf 79' lang='lat' dir='ltr'><strong>-in</strong></span> <span class='ocrx_word' id='word_1_49' title='bbox 1218 469 1381 510; x_wconf 82' lang='lat' dir='ltr'>tonitru,</span> <span class='ocrx_word' id='word_1_50' title='bbox 1423 468 1543 516; x_wconf 84' lang='lat' dir='ltr'><strong>globis</strong></span> <span class='ocrx_word' id='word_1_51' title='bbox 1581 471 1695 518; x_wconf 76' lang='lat' dir='ltr'><strong>igneis</strong></span> 
     </span>
     <span class='ocr_line' id='line_1_7' title="bbox 101 525 1694 577; baseline 0.004 -17"><span class='ocrx_word' id='word_1_52' title='bbox 101 525 138 560; x_wconf 83' lang='lat' dir='ltr'><strong>in</strong></span> <span class='ocrx_word' id='word_1_53' title='bbox 164 537 242 562; x_wconf 87' lang='lat' dir='ltr'><strong>aere</strong></span> <span class='ocrx_word' id='word_1_54' title='bbox 270 526 512 575; x_wconf 75' lang='lat' dir='ltr'>crepantibus,</span> <span class='ocrx_word' id='word_1_55' title='bbox 574 526 616 564; x_wconf 73' lang='lat' dir='ltr'><strong>Et</strong></span> <span class='ocrx_word' id='word_1_56' title='bbox 638 526 698 564; x_wconf 86' lang='lat' dir='ltr'><strong>fiet</strong></span> <span class='ocrx_word' id='word_1_57' title='bbox 730 527 888 577; x_wconf 88' lang='lat' dir='ltr'><strong>denique</strong></span> <span class='ocrx_word' id='word_1_58' title='bbox 912 525 1021 564; x_wconf 82' lang='lat' dir='ltr'><strong>sonus</strong></span> <span class='ocrx_word' id='word_1_59' title='bbox 1042 525 1194 575; x_wconf 78' lang='lat' dir='ltr'><strong>aliquis,</strong></span> <span class='ocrx_word' id='word_1_60' title='bbox 1228 527 1271 564; x_wconf 84' lang='lat' dir='ltr'><strong>ab</strong></span> <span class='ocrx_word' id='word_1_61' title='bbox 1311 539 1390 564; x_wconf 85' lang='lat' dir='ltr'><strong>aere</strong></span> <span class='ocrx_word' id='word_1_62' title='bbox 1423 534 1528 565; x_wconf 84' lang='lat' dir='ltr'><strong>moto</strong></span> <span class='ocrx_word' id='word_1_63' title='bbox 1566 530 1604 565; x_wconf 85' lang='lat' dir='ltr'><strong>in</strong></span> <span class='ocrx_word' id='word_1_64' title='bbox 1638 540 1694 567; x_wconf 48' lang='lat' dir='ltr'><strong>aea</strong></span> 
     </span>
    </p>
   </div>
   <div class='ocr_carea' id='block_1_3' title="bbox 98 584 1414 754">
    <p class='ocr_par' dir='ltr' id='par_1_4' title="bbox 98 584 1414 754">
     <span class='ocr_line' id='line_1_8' title="bbox 98 584 726 635; baseline 0.005 -15"><span class='ocrx_word' id='word_1_65' title='bbox 98 594 177 621; x_wconf 83' lang='lat' dir='ltr'><strong>rem</strong></span> <span class='ocrx_word' id='word_1_66' title='bbox 205 584 446 635; x_wconf 85' lang='lat' dir='ltr'><strong>quiescentem</strong></span> <span class='ocrx_word' id='word_1_67' title='bbox 469 585 592 635; x_wconf 80' lang='lat' dir='ltr'><strong>illapso</strong></span> <span class='ocrx_word' id='word_1_68' title='bbox 612 588 629 635; x_wconf 89' lang='lat'>(</span> <span class='ocrx_word' id='word_1_69' title='bbox 645 588 684 623; x_wconf 65' lang='lat' dir='ltr'><strong>s*</strong></span> <span class='ocrx_word' id='word_1_70' title='bbox 695 586 726 634; x_wconf 95' lang='lat'><strong>).</strong></span> 
     </span>
     <span class='ocr_line' id='line_1_9' title="bbox 375 702 1414 754; baseline 0.001 -14"><span class='ocrx_word' id='word_1_71' title='bbox 375 706 408 748; x_wconf 78' lang='lat'><strong>§.</strong></span> <span class='ocrx_word' id='word_1_72' title='bbox 441 702 538 742; x_wconf 88' lang='lat' dir='ltr'><strong>VII.</strong></span> <span class='ocrx_word' id='word_1_73' title='bbox 610 703 658 741; x_wconf 83' lang='lat' dir='ltr'><strong>Ut</strong></span> <span class='ocrx_word' id='word_1_74' title='bbox 685 715 746 741; x_wconf 82' lang='lat' dir='ltr'><strong>aer</strong></span> <span class='ocrx_word' id='word_1_75' title='bbox 767 702 899 753; x_wconf 85' lang='lat' dir='ltr'><strong>sonum</strong></span> <span class='ocrx_word' id='word_1_76' title='bbox 931 705 1124 754; x_wconf 79' lang='lat' dir='ltr'><em>concipiat,</em></span> <span class='ocrx_word' id='word_1_77' title='bbox 1162 702 1208 747; x_wconf 57' lang='grc' dir='ltr'><strong>ἓξ</strong></span> <span class='ocrx_word' id='word_1_78' title='bbox 1233 711 1414 754; x_wconf 75' lang='lat' dir='ltr'><em>propaget.</em></span> 
     </span>
    </p>
   </div>
   <div class='ocr_carea' id='block_1_4' title="bbox 76 819 1692 1942">
    <p class='ocr_par' dir='ltr' id='par_1_5' title="bbox 83 819 1692 1526">
     <span class='ocr_line' id='line_1_10' title="bbox 155 819 1692 872; baseline 0.001 -14"><span class='ocrx_word' id='word_1_79' title='bbox 155 819 208 858; x_wconf 82' lang='lat' dir='ltr'><strong>Sit</strong></span> <span class='ocrx_word' id='word_1_80' title='bbox 239 832 338 859; x_wconf 87' lang='lat' dir='ltr'><strong>nunc</strong></span> <span class='ocrx_word' id='word_1_81' title='bbox 365 829 498 870; x_wconf 84' lang='lat' dir='ltr'><strong>corpus</strong></span> <span class='ocrx_word' id='word_1_82' title='bbox 531 822 709 869; x_wconf 84' lang='lat' dir='ltr'><strong>solidum,</strong></span> <span class='ocrx_word' id='word_1_83' title='bbox 741 822 841 872; x_wconf 81' lang='lat' dir='ltr'><strong>quod</strong></span> <span class='ocrx_word' id='word_1_84' title='bbox 875 823 1034 871; x_wconf 88' lang='lat' dir='ltr'><strong>primum</strong></span> <span class='ocrx_word' id='word_1_85' title='bbox 1067 830 1220 866; x_wconf 84' lang='lat' dir='ltr'><strong>tremat,</strong></span> <span class='ocrx_word' id='word_1_86' title='bbox 1254 827 1295 862; x_wconf 69' lang='lat' dir='ltr'><strong>ot</strong></span> <span class='ocrx_word' id='word_1_87' title='bbox 1327 824 1363 861; x_wconf 82' lang='lat' dir='ltr'><strong>in</strong></span> <span class='ocrx_word' id='word_1_88' title='bbox 1401 820 1553 872; x_wconf 84' lang='lat' dir='ltr'><strong>fingulis</strong></span> <span class='ocrx_word' id='word_1_89' title='bbox 1571 826 1692 866; x_wconf 71' lang='lat' dir='ltr'><strong>minu-¹</strong></span> 
     </span>
     <span class='ocr_line' id='line_1_11' title="bbox 93 878 1685 932; baseline 0.004 -16"><span class='ocrx_word' id='word_1_90' title='bbox 93 878 229 917; x_wconf 83' lang='lat' dir='ltr'><strong>tiffimis</strong></span> <span class='ocrx_word' id='word_1_91' title='bbox 261 881 443 930; x_wconf 83' lang='lat' dir='ltr'><strong>particulis</strong></span> <span class='ocrx_word' id='word_1_92' title='bbox 473 881 539 920; x_wconf 76' lang='lat' dir='ltr'><strong>suis</strong></span> <span class='ocrx_word' id='word_1_93' title='bbox 566 882 729 925; x_wconf 88' lang='lat' dir='ltr'><strong>oscillet,</strong></span> <span class='ocrx_word' id='word_1_94' title='bbox 758 882 798 920; x_wconf 81' lang='lat' dir='ltr'><strong>fit</strong></span> <span class='ocrx_word' id='word_1_95' title='bbox 823 883 918 930; x_wconf 63' lang='lat' dir='ltr'><strong>ejus,</strong></span> <span class='ocrx_word' id='word_1_96' title='bbox 959 894 1070 932; x_wconf 88' lang='lat' dir='ltr'><strong>quem</strong></span> <span class='ocrx_word' id='word_1_97' title='bbox 1099 883 1279 926; x_wconf 83' lang='lat' dir='ltr'><strong>diximus,</strong></span> <span class='ocrx_word' id='word_1_98' title='bbox 1330 885 1447 921; x_wconf 88' lang='lat' dir='ltr'><strong>exitus</strong></span> <span class='ocrx_word' id='word_1_99' title='bbox 1476 895 1520 921; x_wconf 88' lang='lat' dir='ltr'><strong>ex</strong></span> <span class='ocrx_word' id='word_1_100' title='bbox 1549 884 1685 925; x_wconf 79' lang='lat' dir='ltr'><strong>chorda</strong></span> 
     </span>
     <span class='ocr_line' id='line_1_12' title="bbox 92 939 1685 997; baseline 0.001 -21"><span class='ocrx_word' id='word_1_101' title='bbox 92 939 132 976; x_wconf 87' lang='lat' dir='ltr'><strong>in</strong></span> <span class='ocrx_word' id='word_1_102' title='bbox 162 950 310 983; x_wconf 86' lang='lat' dir='ltr'><strong>arcum,</strong></span> <span class='ocrx_word' id='word_1_103' title='bbox 346 942 404 977; x_wconf 85' lang='lat' dir='ltr'><strong>cui</strong></span> <span class='ocrx_word' id='word_1_104' title='bbox 431 941 568 981; x_wconf 79' lang='lat' dir='ltr'><strong>chorda</strong></span> <span class='ocrx_word' id='word_1_105' title='bbox 593 941 827 980; x_wconf 77' lang='lat' dir='ltr'>subtenditur.</span> <span class='ocrx_word' id='word_1_106' title='bbox 892 941 1050 991; x_wconf 83' lang='lat' dir='ltr'><strong>Impellit</strong></span> <span class='ocrx_word' id='word_1_107' title='bbox 1083 942 1175 980; x_wconf 88' lang='lat' dir='ltr'><strong>adeo</strong></span> <span class='ocrx_word' id='word_1_108' title='bbox 1206 954 1325 980; x_wconf 79' lang='lat' dir='ltr'><strong>aerem</strong></span> <span class='ocrx_word' id='word_1_109' title='bbox 1351 943 1437 993; x_wconf 81' lang='lat' dir='ltr'><strong>(d)</strong></span> <span class='ocrx_word' id='word_1_110' title='bbox 1459 972 1469 986; x_wconf 95' lang='lat'><strong>,</strong></span> <span class='ocrx_word' id='word_1_111' title='bbox 1520 946 1582 992; x_wconf 86' lang='lat' dir='ltr'><strong>qui</strong></span> <span class='ocrx_word' id='word_1_112' title='bbox 1609 945 1685 997; x_wconf 86' lang='lat' dir='ltr'><strong>spa.</strong></span> 
     </span>
     <span class='ocr_line' id='line_1_13' title="bbox 90 999 1679 1052; baseline 0.006 -17"><span class='ocrx_word' id='word_1_113' title='bbox 90 999 183 1036; x_wconf 77' lang='lat' dir='ltr'><strong>tium</strong></span> <span class='ocrx_word' id='word_1_114' title='bbox 218 1000 310 1037; x_wconf 88' lang='lat' dir='ltr'><strong>inter</strong></span> <span class='ocrx_word' id='word_1_115' title='bbox 334 999 539 1045; x_wconf 78' lang='lat' dir='ltr'>chordam,</span> <span class='ocrx_word' id='word_1_116' title='bbox 584 1003 621 1039; x_wconf 70' lang='grc' dir='ltr'><strong>δε</strong></span> <span class='ocrx_word' id='word_1_117' title='bbox 663 1014 746 1040; x_wconf 85' lang='lat' dir='ltr'><strong>eum</strong></span> <span class='ocrx_word' id='word_1_118' title='bbox 781 1012 905 1039; x_wconf 80' lang='lat' dir='ltr'><strong>areum</strong></span> <span class='ocrx_word' id='word_1_119' title='bbox 951 1001 1131 1051; x_wconf 86' lang='lat' dir='ltr'><strong>replebat,</strong></span> <span class='ocrx_word' id='word_1_120' title='bbox 1191 1013 1349 1051; x_wconf 87' lang='lat' dir='ltr'><strong>eumque</strong></span> <span class='ocrx_word' id='word_1_121' title='bbox 1386 1004 1424 1039; x_wconf 85' lang='lat' dir='ltr'><strong>in</strong></span> <span class='ocrx_word' id='word_1_122' title='bbox 1473 1004 1679 1052; x_wconf 82' lang='lat' dir='ltr'><strong>proximam</strong></span> 
     </span>
     <span class='ocr_line' id='line_1_14' title="bbox 90 1058 1681 1111; baseline 0.002 -17"><span class='ocrx_word' id='word_1_123' title='bbox 90 1058 180 1094; x_wconf 87' lang='lat' dir='ltr'><strong>aeris</strong></span> <span class='ocrx_word' id='word_1_124' title='bbox 205 1060 392 1107; x_wconf 83' lang='lat' dir='ltr'><strong>regionem</strong></span> <span class='ocrx_word' id='word_1_125' title='bbox 417 1067 546 1108; x_wconf 82' lang='lat' dir='ltr'><strong>urget3</strong></span> <span class='ocrx_word' id='word_1_126' title='bbox 580 1060 797 1099; x_wconf 81' lang='lat' dir='ltr'><strong>velocissime</strong></span> <span class='ocrx_word' id='word_1_127' title='bbox 825 1061 973 1110; x_wconf 81' lang='lat' dir='ltr'><strong>quidem</strong></span> <span class='ocrx_word' id='word_1_128' title='bbox 1005 1069 1143 1110; x_wconf 86' lang='lat' dir='ltr'><strong>partem</strong></span> <span class='ocrx_word' id='word_1_129' title='bbox 1181 1061 1286 1100; x_wconf 81' lang='lat' dir='ltr'><strong>undae</strong></span> <span class='ocrx_word' id='word_1_130' title='bbox 1319 1073 1437 1099; x_wconf 84' lang='lat' dir='ltr'><strong>aereae.</strong></span> <span class='ocrx_word' id='word_1_131' title='bbox 1457 1066 1605 1111; x_wconf 81' lang='lat' dir='ltr'><strong>corpori</strong></span> <span class='ocrx_word' id='word_1_132' title='bbox 1626 1063 1681 1102; x_wconf 91' lang='lat' dir='ltr'><strong>so..</strong></span> 
     </span>
     <span class='ocr_line' id='line_1_15' title="bbox 90 1120 1674 1170; baseline 0.005 -16"><span class='ocrx_word' id='word_1_133' title='bbox 90 1128 186 1154; x_wconf 89' lang='lat' dir='ltr'><strong>noro</strong></span> <span class='ocrx_word' id='word_1_134' title='bbox 220 1121 451 1166; x_wconf 75' lang='lat' dir='ltr'><strong>proximam,</strong></span> <span class='ocrx_word' id='word_1_135' title='bbox 483 1120 620 1170; x_wconf 84' lang='lat' dir='ltr'><strong>semper</strong></span> <span class='ocrx_word' id='word_1_136' title='bbox 640 1120 770 1158; x_wconf 84' lang='lat' dir='ltr'><strong>lentius</strong></span> <span class='ocrx_word' id='word_1_137' title='bbox 811 1131 910 1162; x_wconf 83' lang='lat' dir='ltr'><strong>eam,</strong></span> <span class='ocrx_word' id='word_1_138' title='bbox 960 1132 1040 1170; x_wconf 82' lang='lat' dir='ltr'><strong>quae</strong></span> <span class='ocrx_word' id='word_1_139' title='bbox 1083 1132 1102 1158; x_wconf 83' lang='lat' dir='ltr'><strong>a</strong></span> <span class='ocrx_word' id='word_1_140' title='bbox 1127 1120 1229 1158; x_wconf 88' lang='lat' dir='ltr'><strong>fonte</strong></span> <span class='ocrx_word' id='word_1_141' title='bbox 1255 1128 1376 1159; x_wconf 86' lang='lat' dir='ltr'><strong>motus</strong></span> <span class='ocrx_word' id='word_1_142' title='bbox 1400 1124 1576 1159; x_wconf 86' lang='lat' dir='ltr'><strong>remotior</strong></span> <span class='ocrx_word' id='word_1_143' title='bbox 1615 1123 1674 1162; x_wconf 85' lang='lat' dir='ltr'><strong>est.</strong></span> 
     </span>
     <span class='ocr_line' id='line_1_16' title="bbox 89 1174 1677 1229; baseline 0.004 -17"><span class='ocrx_word' id='word_1_144' title='bbox 89 1174 161 1213; x_wconf 75' lang='lat' dir='ltr'><strong>Sed</strong></span> <span class='ocrx_word' id='word_1_145' title='bbox 191 1176 218 1213; x_wconf 86' lang='lat' dir='ltr'><strong>is</strong></span> <span class='ocrx_word' id='word_1_146' title='bbox 254 1189 333 1220; x_wconf 85' lang='lat' dir='ltr'><strong>aer,</strong></span> <span class='ocrx_word' id='word_1_147' title='bbox 366 1190 441 1228; x_wconf 87' lang='lat' dir='ltr'><strong>quo</strong></span> <span class='ocrx_word' id='word_1_148' title='bbox 463 1179 513 1216; x_wconf 84' lang='lat' dir='ltr'><strong>est</strong></span> <span class='ocrx_word' id='word_1_149' title='bbox 537 1191 555 1216; x_wconf 86' lang='lat' dir='ltr'><strong>a</strong></span> <span class='ocrx_word' id='word_1_150' title='bbox 582 1191 738 1229; x_wconf 79' lang='lat' dir='ltr'><strong>corpore</strong></span> <span class='ocrx_word' id='word_1_151' title='bbox 763 1185 941 1216; x_wconf 90' lang='lat' dir='ltr'><strong>tremente</strong></span> <span class='ocrx_word' id='word_1_152' title='bbox 975 1181 1170 1223; x_wconf 74' lang='lat' dir='ltr'><strong>remotio-r,</strong></span> <span class='ocrx_word' id='word_1_153' title='bbox 1209 1192 1254 1218; x_wconf 90' lang='lat' dir='ltr'><strong>eo</strong></span> <span class='ocrx_word' id='word_1_154' title='bbox 1280 1180 1377 1218; x_wconf 86' lang='lat' dir='ltr'><strong>cedit</strong></span> <span class='ocrx_word' id='word_1_155' title='bbox 1410 1180 1563 1224; x_wconf 78' lang='lat' dir='ltr'><strong>lentius,</strong></span> <span class='ocrx_word' id='word_1_156' title='bbox 1597 1181 1677 1219; x_wconf 83' lang='lat' dir='ltr'><strong>refi-</strong></span> 
     </span>
     <span class='ocr_line' id='line_1_17' title="bbox 87 1234 1672 1288; baseline 0.004 -16"><span class='ocrx_word' id='word_1_157' title='bbox 87 1234 213 1273; x_wconf 84' lang='lat' dir='ltr'><strong>stentia</strong></span> <span class='ocrx_word' id='word_1_158' title='bbox 242 1248 331 1286; x_wconf 87' lang='lat' dir='ltr'><strong>ergo</strong></span> <span class='ocrx_word' id='word_1_159' title='bbox 354 1239 420 1275; x_wconf 88' lang='lat' dir='ltr'><strong>erit</strong></span> <span class='ocrx_word' id='word_1_160' title='bbox 452 1240 539 1276; x_wconf 85' lang='lat' dir='ltr'><strong>aeris</strong></span> <span class='ocrx_word' id='word_1_161' title='bbox 579 1247 640 1276; x_wconf 86' lang='lat' dir='ltr'><strong>aut</strong></span> <span class='ocrx_word' id='word_1_162' title='bbox 672 1238 910 1288; x_wconf 83' lang='lat' dir='ltr'><strong>quiescentis,</strong></span> <span class='ocrx_word' id='word_1_163' title='bbox 965 1246 1026 1276; x_wconf 90' lang='lat' dir='ltr'><strong>aut</strong></span> <span class='ocrx_word' id='word_1_164' title='bbox 1073 1238 1170 1276; x_wconf 85' lang='lat' dir='ltr'><strong>lente</strong></span> <span class='ocrx_word' id='word_1_165' title='bbox 1198 1240 1319 1282; x_wconf 83' lang='lat' dir='ltr'><strong>moti,</strong></span> <span class='ocrx_word' id='word_1_166' title='bbox 1360 1245 1486 1277; x_wconf 84' lang='lat' dir='ltr'><strong>contra</strong></span> <span class='ocrx_word' id='word_1_167' title='bbox 1532 1252 1672 1284; x_wconf 85' lang='lat' dir='ltr'><strong>aerem,</strong></span> 
     </span>
     <span class='ocr_line' id='line_1_18' title="bbox 85 1297 1676 1349; baseline 0.006 -18"><span class='ocrx_word' id='word_1_168' title='bbox 85 1306 197 1345; x_wconf 87' lang='lat' dir='ltr'><strong>quem</strong></span> <span class='ocrx_word' id='word_1_169' title='bbox 221 1306 355 1345; x_wconf 89' lang='lat' dir='ltr'><strong>corpus</strong></span> <span class='ocrx_word' id='word_1_170' title='bbox 381 1297 556 1336; x_wconf 88' lang='lat' dir='ltr'><strong>sonorum</strong></span> <span class='ocrx_word' id='word_1_171' title='bbox 584 1297 776 1336; x_wconf 88' lang='lat' dir='ltr'><strong>tremendo</strong></span> <span class='ocrx_word' id='word_1_172' title='bbox 813 1297 997 1336; x_wconf 86' lang='lat' dir='ltr'><strong>submittit.</strong></span> <span class='ocrx_word' id='word_1_173' title='bbox 1053 1297 1094 1336; x_wconf 90' lang='lat' dir='ltr'><strong>In</strong></span> <span class='ocrx_word' id='word_1_174' title='bbox 1119 1310 1163 1336; x_wconf 87' lang='lat' dir='ltr'><strong>eo</strong></span> <span class='ocrx_word' id='word_1_175' title='bbox 1197 1298 1333 1340; x_wconf 86' lang='lat' dir='ltr'><strong>limite,</strong></span> <span class='ocrx_word' id='word_1_176' title='bbox 1366 1300 1405 1336; x_wconf 88' lang='lat' dir='ltr'><strong>in</strong></span> <span class='ocrx_word' id='word_1_177' title='bbox 1425 1311 1503 1349; x_wconf 89' lang='lat' dir='ltr'><strong>quo</strong></span> <span class='ocrx_word' id='word_1_178' title='bbox 1527 1311 1586 1337; x_wconf 88' lang='lat' dir='ltr'><strong>aer</strong></span> <span class='ocrx_word' id='word_1_179' title='bbox 1603 1307 1676 1341; x_wconf 82' lang='lat' dir='ltr'><strong>tre-</strong></span> 
     </span>
     <span class='ocr_line' id='line_1_19' title="bbox 85 1354 1673 1407; baseline 0.004 -16"><span class='ocrx_word' id='word_1_180' title='bbox 85 1354 206 1392; x_wconf 87' lang='lat' dir='ltr'><strong>mulus</strong></span> <span class='ocrx_word' id='word_1_181' title='bbox 229 1366 248 1392; x_wconf 85' lang='lat' dir='ltr'><strong>a</strong></span> <span class='ocrx_word' id='word_1_182' title='bbox 280 1355 456 1395; x_wconf 78' lang='lat' dir='ltr'><strong>resistente</strong></span> <span class='ocrx_word' id='word_1_183' title='bbox 479 1357 614 1407; x_wconf 85' lang='lat' dir='ltr'><strong>reliqua</strong></span> <span class='ocrx_word' id='word_1_184' title='bbox 640 1357 879 1407; x_wconf 83' lang='lat' dir='ltr'><strong>atmosphaera</strong></span> <span class='ocrx_word' id='word_1_185' title='bbox 910 1358 1139 1406; x_wconf 71' lang='lat' dir='ltr'><strong>reprimitur,</strong></span> <span class='ocrx_word' id='word_1_186' title='bbox 1178 1360 1244 1396; x_wconf 89' lang='lat' dir='ltr'><strong>erit</strong></span> <span class='ocrx_word' id='word_1_187' title='bbox 1266 1357 1485 1396; x_wconf 74' lang='lat' dir='ltr'><strong>denfiffimus</strong></span> <span class='ocrx_word' id='word_1_188' title='bbox 1515 1371 1601 1406; x_wconf 88' lang='lat' dir='ltr'><strong>aer;</strong></span> <span class='ocrx_word' id='word_1_189' title='bbox 1636 1361 1673 1398; x_wconf 63' lang='lat' dir='ltr'><strong>Sc</strong></span> 
     </span>
     <span class='ocr_line' id='line_1_20' title="bbox 84 1412 1674 1467; baseline 0.004 -17"><span class='ocrx_word' id='word_1_190' title='bbox 84 1412 233 1451; x_wconf 83' lang='lat' dir='ltr'><strong>viciffim</strong></span> <span class='ocrx_word' id='word_1_191' title='bbox 256 1416 368 1453; x_wconf 88' lang='lat' dir='ltr'><strong>rari0r</strong></span> <span class='ocrx_word' id='word_1_192' title='bbox 395 1417 440 1454; x_wconf 85' lang='lat' dir='ltr'><strong>ad</strong></span> <span class='ocrx_word' id='word_1_193' title='bbox 465 1416 688 1466; x_wconf 86' lang='lat' dir='ltr'><strong>superficiem</strong></span> <span class='ocrx_word' id='word_1_194' title='bbox 705 1419 869 1467; x_wconf 86' lang='lat' dir='ltr'><strong>corporis</strong></span> <span class='ocrx_word' id='word_1_195' title='bbox 888 1445 899 1460; x_wconf 91' lang='lat'><strong>,</strong></span> <span class='ocrx_word' id='word_1_196' title='bbox 941 1416 1043 1467; x_wconf 77' lang='lat' dir='ltr'><strong>quod</strong></span> <span class='ocrx_word' id='word_1_197' title='bbox 1076 1417 1349 1461; x_wconf 84' lang='lat' dir='ltr'><strong>contremiscit,</strong></span> <span class='ocrx_word' id='word_1_198' title='bbox 1407 1430 1489 1457; x_wconf 87' lang='lat' dir='ltr'><strong>cum</strong></span> <span class='ocrx_word' id='word_1_199' title='bbox 1517 1419 1546 1456; x_wconf 89' lang='lat' dir='ltr'><strong>is</strong></span> <span class='ocrx_word' id='word_1_200' title='bbox 1575 1419 1674 1457; x_wconf 87' lang='lat' dir='ltr'><strong>idem</strong></span> 
     </span>
     <span class='ocr_line' id='line_1_21' title="bbox 83 1477 922 1526; baseline 0.006 -17"><span class='ocrx_word' id='word_1_201' title='bbox 83 1478 221 1510; x_wconf 86' lang='lat' dir='ltr'><strong>tremor</strong></span> <span class='ocrx_word' id='word_1_202' title='bbox 256 1486 424 1524; x_wconf 73' lang='lat' dir='ltr'><strong>magnam</strong></span> <span class='ocrx_word' id='word_1_203' title='bbox 453 1478 541 1514; x_wconf 85' lang='lat' dir='ltr'><strong>aeris</strong></span> <span class='ocrx_word' id='word_1_204' title='bbox 570 1484 708 1526; x_wconf 87' lang='lat' dir='ltr'><strong>partem</strong></span> <span class='ocrx_word' id='word_1_205' title='bbox 735 1477 922 1526; x_wconf 79' lang='lat' dir='ltr'><strong>fugaverit.</strong></span> 
     </span>
    </p>

    <p class='ocr_par' dir='ltr' id='par_1_6' title="bbox 81 1532 1674 1707">
     <span class='ocr_line' id='line_1_22' title="bbox 145 1532 1674 1587; baseline 0.005 -17"><span class='ocrx_word' id='word_1_206' title='bbox 145 1532 296 1578; x_wconf 73' lang='lat' dir='ltr'><strong>Quare,</strong></span> <span class='ocrx_word' id='word_1_207' title='bbox 332 1546 376 1572; x_wconf 86' lang='lat' dir='ltr'><strong>ex</strong></span> <span class='ocrx_word' id='word_1_208' title='bbox 413 1534 553 1584; x_wconf 85' lang='lat' dir='ltr'><strong>legibus</strong></span> <span class='ocrx_word' id='word_1_209' title='bbox 589 1547 787 1586; x_wconf 87' lang='lat' dir='ltr'><strong>corporum</strong></span> <span class='ocrx_word' id='word_1_210' title='bbox 813 1536 1060 1579; x_wconf 85' lang='lat' dir='ltr'><strong>elasticorum‚</strong></span> <span class='ocrx_word' id='word_1_211' title='bbox 1109 1549 1190 1587; x_wconf 82' lang='lat' dir='ltr'><strong>pars</strong></span> <span class='ocrx_word' id='word_1_212' title='bbox 1226 1539 1314 1575; x_wconf 77' lang='lat' dir='ltr'><strong>aeris</strong></span> <span class='ocrx_word' id='word_1_213' title='bbox 1339 1536 1536 1576; x_wconf 77' lang='lat' dir='ltr'><strong>denfiffima</strong></span> <span class='ocrx_word' id='word_1_214' title='bbox 1559 1543 1674 1577; x_wconf 88' lang='lat' dir='ltr'><strong>retro-</strong></span> 
     </span>
     <span class='ocr_line' id='line_1_23' title="bbox 82 1595 1670 1648; baseline 0.006 -21"><span class='ocrx_word' id='word_1_215' title='bbox 82 1597 166 1638; x_wconf 84' lang='lat' dir='ltr'><strong>aget</strong></span> <span class='ocrx_word' id='word_1_216' title='bbox 192 1603 311 1630; x_wconf 84' lang='lat' dir='ltr'><strong>aerem</strong></span> <span class='ocrx_word' id='word_1_217' title='bbox 340 1595 512 1632; x_wconf 76' lang='lat' dir='ltr'><strong>rarIorem</strong></span> <span class='ocrx_word' id='word_1_218' title='bbox 543 1602 669 1634; x_wconf 89' lang='lat' dir='ltr'><strong>contra</strong></span> <span class='ocrx_word' id='word_1_219' title='bbox 693 1607 825 1646; x_wconf 89' lang='lat' dir='ltr'><strong>corpus</strong></span> <span class='ocrx_word' id='word_1_220' title='bbox 852 1595 1025 1633; x_wconf 87' lang='lat' dir='ltr'><strong>sonorum</strong></span> <span class='ocrx_word' id='word_1_221' title='bbox 1041 1625 1051 1639; x_wconf 92' lang='lat'><strong>,</strong></span> <span class='ocrx_word' id='word_1_222' title='bbox 1081 1608 1101 1634; x_wconf 89' lang='lat' dir='ltr'><strong>a</strong></span> <span class='ocrx_word' id='word_1_223' title='bbox 1126 1608 1202 1646; x_wconf 89' lang='lat' dir='ltr'><strong>quo</strong></span> <span class='ocrx_word' id='word_1_224' title='bbox 1234 1597 1401 1640; x_wconf 87' lang='lat' dir='ltr'><strong>advenit,</strong></span> <span class='ocrx_word' id='word_1_225' title='bbox 1427 1609 1536 1647; x_wconf 87' lang='lat' dir='ltr'><strong>quem</strong></span> <span class='ocrx_word' id='word_1_226' title='bbox 1556 1609 1670 1648; x_wconf 89' lang='lat' dir='ltr'><strong>porro</strong></span> 
     </span>
     <span class='ocr_line' id='line_1_24' title="bbox 81 1647 1535 1707; baseline 0.005 -20"><span class='ocrx_word' id='word_1_227' title='bbox 81 1647 171 1688; x_wconf 83' lang='lat' dir='ltr'><strong>alius</strong></span> <span class='ocrx_word' id='word_1_228' title='bbox 204 1658 341 1689; x_wconf 88' lang='lat' dir='ltr'><strong>tremor</strong></span> <span class='ocrx_word' id='word_1_229' title='bbox 366 1653 528 1701; x_wconf 83' lang='lat' dir='ltr'><strong>ejusdem</strong></span> <span class='ocrx_word' id='word_1_230' title='bbox 557 1656 721 1704; x_wconf 89' lang='lat' dir='ltr'><strong>corporis</strong></span> <span class='ocrx_word' id='word_1_231' title='bbox 749 1654 907 1693; x_wconf 87' lang='lat' dir='ltr'><strong>secundo</strong></span> <span class='ocrx_word' id='word_1_232' title='bbox 940 1654 1057 1692; x_wconf 81' lang='lat' dir='ltr'><strong>versus</strong></span> <span class='ocrx_word' id='word_1_233' title='bbox 1077 1656 1354 1707; x_wconf 82' lang='lat' dir='ltr'><strong>atmosphaeram</strong></span> <span class='ocrx_word' id='word_1_234' title='bbox 1385 1656 1535 1706; x_wconf 89' lang='lat' dir='ltr'><strong>repellit.</strong></span> 
     </span>
    </p>

    <p class='ocr_par' dir='ltr' id='par_1_7' title="bbox 76 1710 1670 1942">
     <span class='ocr_line' id='line_1_25' title="bbox 143 1710 1670 1766; baseline 0.005 -19"><span class='ocrx_word' id='word_1_235' title='bbox 143 1710 214 1747; x_wconf 85' lang='lat' dir='ltr'><strong>Sed</strong></span> <span class='ocrx_word' id='word_1_236' title='bbox 238 1718 406 1760; x_wconf 83' lang='lat' dir='ltr'><strong>praeterea</strong></span> <span class='ocrx_word' id='word_1_237' title='bbox 426 1741 436 1755; x_wconf 92' lang='lat'><strong>,</strong></span> <span class='ocrx_word' id='word_1_238' title='bbox 470 1725 554 1752; x_wconf 84' lang='lat' dir='ltr'><strong>cum</strong></span> <span class='ocrx_word' id='word_1_239' title='bbox 574 1726 652 1763; x_wconf 83' lang='lat' dir='ltr'><strong>pars</strong></span> <span class='ocrx_word' id='word_1_240' title='bbox 675 1715 763 1752; x_wconf 88' lang='lat' dir='ltr'><strong>aeris</strong></span> <span class='ocrx_word' id='word_1_241' title='bbox 804 1726 849 1752; x_wconf 91' lang='lat' dir='ltr'><strong>eo</strong></span> <span class='ocrx_word' id='word_1_242' title='bbox 873 1713 988 1752; x_wconf 91' lang='lat' dir='ltr'><strong>modo</strong></span> <span class='ocrx_word' id='word_1_243' title='bbox 1020 1714 1235 1753; x_wconf 81' lang='lat' dir='ltr'><strong>condensata</strong></span> <span class='ocrx_word' id='word_1_244' title='bbox 1250 1743 1260 1757; x_wconf 83' lang='lat'><strong>,</strong></span> <span class='ocrx_word' id='word_1_245' title='bbox 1294 1716 1400 1752; x_wconf 84' lang='lat' dir='ltr'><strong>etiam</strong></span> <span class='ocrx_word' id='word_1_246' title='bbox 1423 1716 1670 1766; x_wconf 78' lang='lat' dir='ltr'><strong>atmosphaerae</strong></span> 
     </span>
     <span class='ocr_line' id='line_1_26' title="bbox 79 1770 1669 1824; baseline 0.004 -19"><span class='ocrx_word' id='word_1_247' title='bbox 79 1771 247 1819; x_wconf 83' lang='lat' dir='ltr'><strong>proxima</strong></span> <span class='ocrx_word' id='word_1_248' title='bbox 276 1770 356 1808; x_wconf 88' lang='lat' dir='ltr'><strong>sede</strong></span> <span class='ocrx_word' id='word_1_249' title='bbox 380 1771 523 1811; x_wconf 82' lang='lat' dir='ltr'><strong>denfior</strong></span> <span class='ocrx_word' id='word_1_250' title='bbox 552 1772 616 1815; x_wconf 83' lang='lat' dir='ltr'><strong>fit,</strong></span> <span class='ocrx_word' id='word_1_251' title='bbox 660 1786 735 1812; x_wconf 91' lang='lat' dir='ltr'><strong>non</strong></span> <span class='ocrx_word' id='word_1_252' title='bbox 763 1773 880 1812; x_wconf 90' lang='lat' dir='ltr'><strong>solum</strong></span> <span class='ocrx_word' id='word_1_253' title='bbox 914 1772 1029 1811; x_wconf 84' lang='lat' dir='ltr'><strong>versus</strong></span> <span class='ocrx_word' id='word_1_254' title='bbox 1060 1774 1243 1813; x_wconf 77' lang='lat' dir='ltr'><strong>tinnulum</strong></span> <span class='ocrx_word' id='word_1_255' title='bbox 1268 1786 1425 1824; x_wconf 83' lang='lat' dir='ltr'><strong>corpus,</strong></span> <span class='ocrx_word' id='word_1_256' title='bbox 1474 1774 1530 1812; x_wconf 83' lang='lat' dir='ltr'><strong>sed</strong></span> <span class='ocrx_word' id='word_1_257' title='bbox 1561 1777 1669 1814; x_wconf 81' lang='lat' dir='ltr'><strong>etiam</strong></span> 
     </span>
     <span class='ocr_line' id='line_1_27' title="bbox 77 1828 1668 1884; baseline 0.004 -18"><span class='ocrx_word' id='word_1_258' title='bbox 77 1828 122 1866; x_wconf 84' lang='lat' dir='ltr'><strong>ad</strong></span> <span class='ocrx_word' id='word_1_259' title='bbox 147 1828 295 1867; x_wconf 83' lang='lat' dir='ltr'><strong>liberam</strong></span> <span class='ocrx_word' id='word_1_260' title='bbox 327 1833 457 1878; x_wconf 82' lang='lat' dir='ltr'><strong>pariter</strong></span> <span class='ocrx_word' id='word_1_261' title='bbox 490 1832 768 1884; x_wconf 70' lang='lat' dir='ltr'><strong>armosphaeram</strong></span> <span class='ocrx_word' id='word_1_262' title='bbox 795 1832 939 1871; x_wconf 75' lang='lat' dir='ltr'><strong>denfior</strong></span> <span class='ocrx_word' id='word_1_263' title='bbox 968 1832 1031 1870; x_wconf 88' lang='lat' dir='ltr'><strong>iste</strong></span> <span class='ocrx_word' id='word_1_264' title='bbox 1056 1846 1113 1872; x_wconf 84' lang='lat' dir='ltr'><strong>aer</strong></span> <span class='ocrx_word' id='word_1_265' title='bbox 1137 1833 1170 1871; x_wconf 85' lang='lat' dir='ltr'><strong>se</strong></span> <span class='ocrx_word' id='word_1_266' title='bbox 1187 1833 1396 1883; x_wconf 82' lang='lat' dir='ltr'><strong>expandet,</strong></span> <span class='ocrx_word' id='word_1_267' title='bbox 1429 1834 1668 1884; x_wconf 83' lang='lat' dir='ltr'><strong>impelletque</strong></span> 
     </span>
     <span class='ocr_line' id='line_1_28' title="bbox 76 1887 1664 1942; baseline 0.005 -18"><span class='ocrx_word' id='word_1_268' title='bbox 76 1899 194 1926; x_wconf 82' lang='lat' dir='ltr'><strong>aerem</strong></span> <span class='ocrx_word' id='word_1_269' title='bbox 218 1887 280 1926; x_wconf 88' lang='lat' dir='ltr'><strong>fibi</strong></span> <span class='ocrx_word' id='word_1_270' title='bbox 300 1892 535 1938; x_wconf 85' lang='lat' dir='ltr'><strong>proximum:</strong></span> <span class='ocrx_word' id='word_1_271' title='bbox 571 1892 668 1931; x_wconf 85' lang='lat' dir='ltr'><strong>unde</strong></span> <span class='ocrx_word' id='word_1_272' title='bbox 697 1904 761 1942; x_wconf 89' lang='lat' dir='ltr'><strong>per</strong></span> <span class='ocrx_word' id='word_1_273' title='bbox 787 1892 930 1931; x_wconf 85' lang='lat' dir='ltr'><strong>easdem</strong></span> <span class='ocrx_word' id='word_1_274' title='bbox 960 1890 1056 1941; x_wconf 78' lang='lat' dir='ltr'><strong>leges</strong></span> <span class='ocrx_word' id='word_1_275' title='bbox 1087 1892 1240 1932; x_wconf 77' lang='lat' dir='ltr'><strong>secunda</strong></span> <span class='ocrx_word' id='word_1_276' title='bbox 1269 1895 1352 1941; x_wconf 77' lang='lat' dir='ltr'><strong>(e)</strong></span> <span class='ocrx_word' id='word_1_277' title='bbox 1385 1891 1483 1931; x_wconf 80' lang='lat' dir='ltr'><strong>sedes</strong></span> <span class='ocrx_word' id='word_1_278' title='bbox 1521 1893 1664 1932; x_wconf 81' lang='lat' dir='ltr'><strong>denfio-</strong></span> 
     </span>
    </p>
   </div>
   <div class='ocr_carea' id='block_1_5' title="bbox 76 1947 1669 2052">
    <p class='ocr_par' dir='ltr' id='par_1_8' title="bbox 76 1947 1669 2052">
     <span class='ocr_line' id='line_1_29' title="bbox 76 1947 1666 2002; baseline 0.006 -19"><span class='ocrx_word' id='word_1_279' title='bbox 76 1947 124 1984; x_wconf 86' lang='lat' dir='ltr'><strong>ris</strong></span> <span class='ocrx_word' id='word_1_280' title='bbox 153 1948 240 1986; x_wconf 84' lang='lat' dir='ltr'><strong>aeris</strong></span> <span class='ocrx_word' id='word_1_281' title='bbox 271 1948 456 1993; x_wconf 86' lang='lat' dir='ltr'><strong>nascetur,</strong></span> <span class='ocrx_word' id='word_1_282' title='bbox 487 1963 567 2002; x_wconf 85' lang='lat' dir='ltr'><strong>quae</strong></span> <span class='ocrx_word' id='word_1_283' title='bbox 596 1952 632 1989; x_wconf 73' lang='lat' dir='ltr'><strong>Sc</strong></span> <span class='ocrx_word' id='word_1_284' title='bbox 673 1951 745 2002; x_wconf 84' lang='lat' dir='ltr'><strong>ipsa</strong></span> <span class='ocrx_word' id='word_1_285' title='bbox 786 1953 917 2002; x_wconf 81' lang='lat' dir='ltr'><strong>partim</strong></span> <span class='ocrx_word' id='word_1_286' title='bbox 953 1959 1136 2002; x_wconf 81' lang='lat' dir='ltr'><strong>retroaget</strong></span> <span class='ocrx_word' id='word_1_287' title='bbox 1180 1965 1300 1991; x_wconf 85' lang='lat' dir='ltr'><strong>aerem</strong></span> <span class='ocrx_word' id='word_1_288' title='bbox 1338 1962 1465 1991; x_wconf 81' lang='lat' dir='ltr'><strong>contra</strong></span> <span class='ocrx_word' id='word_1_289' title='bbox 1510 1955 1666 2002; x_wconf 84' lang='lat' dir='ltr'><strong>primam</strong></span> 
     </span>
     <span class='ocr_line' id='line_1_30' title="bbox 920 2011 1669 2052; baseline 0.003 -3"><span class='ocrx_word' id='word_1_290' title='bbox 920 2011 954 2050; x_wconf 89' lang='lat' dir='ltr'><strong>K</strong></span> <span class='ocrx_word' id='word_1_291' title='bbox 993 2011 1019 2049; x_wconf 89' lang='lat' dir='ltr'>k</span> <span class='ocrx_word' id='word_1_292' title='bbox 1081 2023 1104 2051; x_wconf 85' lang='lat'><strong>2</strong></span> <span class='ocrx_word' id='word_1_293' title='bbox 1519 2012 1669 2052; x_wconf 70' lang='lat' dir='ltr'><strong>denfita.</strong></span> 
     </span>
    </p>
   </div>
   <div class='ocr_carea' id='block_1_6' title="bbox 71 2109 1665 2445">
    <p class='ocr_par' dir='ltr' id='par_1_9' title="bbox 74 2109 1665 2263">
     <span class='ocr_line' id='line_1_31' title="bbox 119 2109 1665 2155; baseline 0.006 -15"><span class='ocrx_word' id='word_1_294' title='bbox 119 2109 185 2148; x_wconf 84' lang='lat' dir='ltr'><strong>(c)</strong></span> <span class='ocrx_word' id='word_1_295' title='bbox 217 2122 243 2149; x_wconf 87' lang='lat' dir='ltr'><strong>p.</strong></span> <span class='ocrx_word' id='word_1_296' title='bbox 262 2113 330 2144; x_wconf 78' lang='lat'><strong>261.</strong></span> <span class='ocrx_word' id='word_1_297' title='bbox 375 2115 528 2146; x_wconf 87' lang='lat' dir='ltr'><strong>Rationem</strong></span> <span class='ocrx_word' id='word_1_298' title='bbox 551 2115 652 2150; x_wconf 80' lang='lat' dir='ltr'><strong>addit,</strong></span> <span class='ocrx_word' id='word_1_299' title='bbox 686 2115 764 2154; x_wconf 87' lang='lat' dir='ltr'><strong>quod</strong></span> <span class='ocrx_word' id='word_1_300' title='bbox 793 2126 939 2155; x_wconf 71' lang='lat' dir='ltr'><strong>campana:</strong></span> <span class='ocrx_word' id='word_1_301' title='bbox 961 2117 1046 2147; x_wconf 86' lang='lat' dir='ltr'><strong>sonus</strong></span> <span class='ocrx_word' id='word_1_302' title='bbox 1077 2118 1172 2155; x_wconf 85' lang='lat' dir='ltr'><strong>ignem</strong></span> <span class='ocrx_word' id='word_1_303' title='bbox 1196 2127 1257 2147; x_wconf 81' lang='lat' dir='ltr'><strong>non</strong></span> <span class='ocrx_word' id='word_1_304' title='bbox 1286 2117 1467 2155; x_wconf 77' lang='lat' dir='ltr'><strong>exstinguat,</strong></span> <span class='ocrx_word' id='word_1_305' title='bbox 1515 2118 1561 2148; x_wconf 77' lang='lat' dir='ltr'><strong>sed</strong></span> <span class='ocrx_word' id='word_1_306' title='bbox 1583 2120 1665 2150; x_wconf 77' lang='lat' dir='ltr'><strong>flatus</strong></span> 
     </span>
     <span class='ocr_line' id='line_1_32' title="bbox 74 2152 1665 2197; baseline 0.006 -16"><span class='ocrx_word' id='word_1_307' title='bbox 74 2152 151 2190; x_wconf 74' lang='lat' dir='ltr'><strong>pilei.</strong></span> <span class='ocrx_word' id='word_1_308' title='bbox 187 2152 240 2183; x_wconf 86' lang='lat' dir='ltr'><strong>Sed</strong></span> <span class='ocrx_word' id='word_1_309' title='bbox 262 2164 353 2191; x_wconf 84' lang='lat' dir='ltr'><strong>neque</strong></span> <span class='ocrx_word' id='word_1_310' title='bbox 372 2155 454 2187; x_wconf 87' lang='lat' dir='ltr'><strong>sonus</strong></span> <span class='ocrx_word' id='word_1_311' title='bbox 489 2164 608 2187; x_wconf 83' lang='lat' dir='ltr'><strong>ventum</strong></span> <span class='ocrx_word' id='word_1_312' title='bbox 636 2158 755 2188; x_wconf 70' lang='lat' dir='ltr'><strong>excitat.</strong></span> <span class='ocrx_word' id='word_1_313' title='bbox 810 2157 889 2189; x_wconf 82' lang='lat' dir='ltr'><strong>Alius</strong></span> <span class='ocrx_word' id='word_1_314' title='bbox 916 2160 1036 2188; x_wconf 85' lang='lat' dir='ltr'><strong>omnino</strong></span> <span class='ocrx_word' id='word_1_315' title='bbox 1069 2159 1109 2189; x_wconf 86' lang='lat' dir='ltr'><strong>est</strong></span> <span class='ocrx_word' id='word_1_316' title='bbox 1145 2167 1238 2188; x_wconf 76' lang='lat' dir='ltr'><strong>motus</strong></span> <span class='ocrx_word' id='word_1_317' title='bbox 1283 2159 1421 2189; x_wconf 72' lang='lat' dir='ltr'><strong>tremulus</strong></span> <span class='ocrx_word' id='word_1_318' title='bbox 1459 2160 1665 2197; x_wconf 58' lang='lat' dir='ltr'><strong>panicularum</strong></span> 
     </span>
     <span class='ocr_line' id='line_1_33' title="bbox 74 2194 1663 2263; baseline 0.006 -42"><span class='ocrx_word' id='word_1_319' title='bbox 74 2194 165 2263; x_wconf 58' lang='lat' dir='ltr'><strong>aceris,</strong></span> <span class='ocrx_word' id='word_1_320' title='bbox 203 2203 253 2231; x_wconf 81' lang='lat' dir='ltr'><strong>per</strong></span> <span class='ocrx_word' id='word_1_321' title='bbox 276 2196 393 2227; x_wconf 85' lang='lat' dir='ltr'><strong>minima</strong></span> <span class='ocrx_word' id='word_1_322' title='bbox 428 2197 642 2235; x_wconf 67' lang='lat' dir='ltr'><strong>osculantium,</strong></span> <span class='ocrx_word' id='word_1_323' title='bbox 681 2208 698 2228; x_wconf 90' lang='lat' dir='ltr'><strong>a</strong></span> <span class='ocrx_word' id='word_1_324' title='bbox 728 2204 855 2230; x_wconf 84' lang='lat' dir='ltr'><strong>torrente</strong></span> <span class='ocrx_word' id='word_1_325' title='bbox 880 2202 1055 2239; x_wconf 83' lang='lat' dir='ltr'><strong>integrarum</strong></span> <span class='ocrx_word' id='word_1_326' title='bbox 1085 2198 1237 2231; x_wconf 67' lang='lat' dir='ltr'><strong>massarum</strong></span> <span class='ocrx_word' id='word_1_327' title='bbox 1281 2201 1370 2237; x_wconf 73' lang='lat' dir='ltr'><strong>aeris,</strong></span> <span class='ocrx_word' id='word_1_328' title='bbox 1399 2202 1447 2239; x_wconf 75' lang='lat' dir='ltr'><strong>qui</strong></span> <span class='ocrx_word' id='word_1_329' title='bbox 1493 2201 1533 2230; x_wconf 69' lang='lat' dir='ltr'><strong>eft</strong></span> <span class='ocrx_word' id='word_1_330' title='bbox 1560 2211 1663 2232; x_wconf 69' lang='lat' dir='ltr'><strong>ventus</strong></span> 
     </span>
    </p>

    <p class='ocr_par' dir='ltr' id='par_1_10' title="bbox 101 2243 319 2273">
     <span class='ocr_line' id='line_1_34' title="bbox 101 2243 319 2273; baseline 0.014 -11"><span class='ocrx_word' id='word_1_331' title='bbox 101 2243 183 2263; x_wconf 65' lang='lat' dir='ltr'><strong>oras</strong></span> <span class='ocrx_word' id='word_1_332' title='bbox 205 2245 231 2273; x_wconf 85' lang='lat' dir='ltr'><strong>p.</strong></span> <span class='ocrx_word' id='word_1_333' title='bbox 254 2244 319 2273; x_wconf 85' lang='lat'><strong>309.</strong></span> 
     </span>
    </p>

    <p class='ocr_par' dir='ltr' id='par_1_11' title="bbox 114 2275 957 2320">
     <span class='ocr_line' id='line_1_35' title="bbox 114 2275 957 2320; baseline 0.011 -17"><span class='ocrx_word' id='word_1_334' title='bbox 114 2275 192 2311; x_wconf 43' lang='grc' dir='ltr'><strong>(ι’)</strong></span> <span class='ocrx_word' id='word_1_335' title='bbox 217 2276 369 2307; x_wconf 72' lang='lat' dir='ltr'><strong>DonART</strong></span> <span class='ocrx_word' id='word_1_336' title='bbox 387 2278 479 2309; x_wconf 79' lang='lat' dir='ltr'><strong>Me&#39;m.</strong></span> <span class='ocrx_word' id='word_1_337' title='bbox 503 2281 536 2309; x_wconf 83' lang='lat' dir='ltr'><strong>de</strong></span> <span class='ocrx_word' id='word_1_338' title='bbox 552 2279 670 2310; x_wconf 85' lang='lat' dir='ltr'><strong>I&#39;Acad.</strong></span> <span class='ocrx_word' id='word_1_339' title='bbox 691 2288 774 2318; x_wconf 83' lang='lat'><strong>1707.</strong></span> <span class='ocrx_word' id='word_1_340' title='bbox 801 2291 832 2319; x_wconf 87' lang='lat' dir='ltr'><strong>p.</strong></span> <span class='ocrx_word' id='word_1_341' title='bbox 846 2290 892 2318; x_wconf 81' lang='lat'><strong>92.</strong></span> <span class='ocrx_word' id='word_1_342' title='bbox 909 2291 957 2320; x_wconf 76' lang='lat'><strong>93.</strong></span> 
     </span>
    </p>

    <p class='ocr_par' dir='ltr' id='par_1_12' title="bbox 71 2315 1662 2400">
     <span class='ocr_line' id='line_1_36' title="bbox 114 2315 1662 2361; baseline 0.008 -15"><span class='ocrx_word' id='word_1_343' title='bbox 114 2315 165 2350; x_wconf 85' lang='lat' dir='ltr'><strong>(d</strong></span> <span class='ocrx_word' id='word_1_344' title='bbox 186 2317 200 2351; x_wconf 92' lang='lat'><strong>)</strong></span> <span class='ocrx_word' id='word_1_345' title='bbox 231 2317 570 2350; x_wconf 62' lang='lat' dir='ltr'><strong>Musseumssssoaex</strong></span> <span class='ocrx_word' id='word_1_346' title='bbox 596 2330 625 2350; x_wconf 90' lang='lat' dir='ltr'><strong>n.</strong></span> <span class='ocrx_word' id='word_1_347' title='bbox 642 2326 728 2359; x_wconf 80' lang='lat'>¹438·</span> <span class='ocrx_word' id='word_1_348' title='bbox 767 2322 926 2353; x_wconf 63' lang='lat' dir='ltr'><strong>Nsswrou</strong></span> <span class='ocrx_word' id='word_1_349' title='bbox 956 2324 1053 2355; x_wconf 85' lang='lat' dir='ltr'><strong>Princ.</strong></span> <span class='ocrx_word' id='word_1_350' title='bbox 1093 2324 1165 2355; x_wconf 76' lang='lat' dir='ltr'><strong>Phil.</strong></span> <span class='ocrx_word' id='word_1_351' title='bbox 1184 2325 1292 2356; x_wconf 53' lang='lat' dir='ltr'><strong>,Mra-m.</strong></span> <span class='ocrx_word' id='word_1_352' title='bbox 1318 2322 1400 2355; x_wconf 67' lang='lat' dir='ltr'><strong>Lu.</strong></span> <span class='ocrx_word' id='word_1_353' title='bbox 1421 2331 1498 2361; x_wconf 60' lang='grc' dir='ltr'><strong>[κ’-ψ»</strong></span> <span class='ocrx_word' id='word_1_354' title='bbox 1534 2332 1580 2359; x_wconf 68' lang='lat'><strong>113-</strong></span> <span class='ocrx_word' id='word_1_355' title='bbox 1605 2324 1662 2358; x_wconf 61' lang='lat'><strong>5:03</strong></span> 
     </span>
     <span class='ocr_line' id='line_1_37' title="bbox 71 2356 771 2400; baseline 0.007 -13"><span class='ocrx_word' id='word_1_356' title='bbox 71 2356 242 2387; x_wconf 50' lang='lat' dir='ltr'><strong>Hermam</strong></span> <span class='ocrx_word' id='word_1_357' title='bbox 271 2368 298 2395; x_wconf 88' lang='lat' dir='ltr'><strong>p.</strong></span> <span class='ocrx_word' id='word_1_358' title='bbox 319 2369 384 2395; x_wconf 73' lang='lat'><strong>259.</strong></span> <span class='ocrx_word' id='word_1_359' title='bbox 402 2360 478 2399; x_wconf 88' lang='lat' dir='ltr'><strong>seqq.</strong></span> <span class='ocrx_word' id='word_1_360' title='bbox 529 2362 639 2391; x_wconf 62' lang='lat' dir='ltr'><strong>Coa-as</strong></span> <span class='ocrx_word' id='word_1_361' title='bbox 660 2372 686 2399; x_wconf 85' lang='lat' dir='ltr'><strong>p.</strong></span> <span class='ocrx_word' id='word_1_362' title='bbox 705 2366 771 2400; x_wconf 80' lang='lat'><strong>306.</strong></span> 
     </span>
    </p>

    <p class='ocr_par' dir='ltr' id='par_1_13' title="bbox 110 2396 993 2445">
     <span class='ocr_line' id='line_1_38' title="bbox 110 2396 993 2445; baseline 0.009 -18"><span class='ocrx_word' id='word_1_363' title='bbox 110 2396 176 2435; x_wconf 86' lang='lat' dir='ltr'><strong>(e)</strong></span> <span class='ocrx_word' id='word_1_364' title='bbox 206 2398 548 2433; x_wconf 65' lang='lat' dir='ltr'><strong>Mussensmaoscx</strong></span> <span class='ocrx_word' id='word_1_365' title='bbox 575 2412 601 2433; x_wconf 84' lang='lat' dir='ltr'><strong>n.</strong></span> <span class='ocrx_word' id='word_1_366' title='bbox 627 2408 701 2441; x_wconf 80' lang='lat'><strong>1438</strong></span> <span class='ocrx_word' id='word_1_367' title='bbox 745 2403 852 2435; x_wconf 67' lang='lat' dir='ltr'><strong>Com</strong></span> <span class='ocrx_word' id='word_1_368' title='bbox 883 2413 993 2445; x_wconf 55' lang='lat'><strong>[2410.</strong></span> 
     </span>
    </p>
   </div>
  </div>
 </body>
</html>
