2003 2764
493 92 865 138 SECT.JII.
941 92 1230 134 IPSE.
1610 107 1660 145 95

523 211 556 254 5.
589 204 671 245 ΙΙΙ.
737 204 838 244 Num
868 204 977 243 taetus
1007 216 1076 243 non
1098 202 1216 253 fallat.

136 322 274 362 Nostro
308 330 387 357 aevo
412 316 518 356 multi
543 317 580 354 in
613 327 658 353 eo
686 315 831 353 fuerunt
860 313 913 353 Cl.
950 315 1039 357 viri,
1076 322 1117 352 ut
1146 313 1336 352 ostendant
1356 319 1571 352 caeterorum
1591 314 1667 353 sen-

77 383 181 422 suum
209 391 371 421 errores,
403 379 437 415 &
465 376 556 415 visus
576 377 739 425 inprimis
768 374 900 412 tactum
927 375 1109 423 corrigere
1131 375 1178 417 (ο
1196 374 1232 419 ),
1268 375 1302 411 &
1326 373 1421 411 ideas
1455 374 1663 423 imprimere

76 443 187 481 fortes
206 468 216 481 ‚
257 451 336 487 quae
363 437 489 475 melius
529 435 806 474 conservantur:
852 441 893 472 ut
921 445 1034 472 caecus
1065 432 1223 482 sculptor
1248 445 1266 471 a
1299 433 1390 471 caetu
1425 433 1502 470 solo
1530 432 1663 471 didice-

80 508 146 544 tet,
171 497 364 536 fimillimas
396 497 589 535 hominum
629 495 755 532 statuas
779 491 949 531 fabricare
969 493 989 541 (
999 500 1025 540 p
1036 495 1064 539 ).

137 558 226 598 Haec
256 559 379 595 omnia
412 559 542 606 partim
570 566 651 592 vera
682 552 786 595 sunt,
818 554 948 600 partim
993 551 1082 589 falsa.
1141 550 1182 589 Id
1214 551 1323 589 taetus
1358 550 1507 601 quidem
1530 550 1579 588 est
1592 553 1666 600 pri-

77 618 278 666 vilegium,
317 615 416 666 quod
442 615 486 652 ab
513 625 557 652 eo
583 612 659 663 ipso
682 623 838 662 corpore
881 611 1110 654 adficiamur,
1158 611 1203 648 de
1244 611 1345 658 cujus
1386 610 1664 648 conditionibus

75 677 379 729 pronunciamus,
421 685 505 712 cum
537 675 574 710 in
610 671 683 710 visu
711 670 863 713 oculus,
900 672 938 708 in
968 670 1161 720 exemplo,
1202 682 1278 708 non
1311 682 1330 708 a
1365 669 1557 719 consperto
1583 681 1666 707 cor-

77 749 193 788 pore,
237 735 295 773 sed
323 735 367 772 ab
391 731 462 772 alio
480 761 489 775 ‚
528 732 628 771 radio
656 742 789 779 nempe
809 730 979 768 colorato
1006 737 1185 778 tangatur.

136 796 318 835 Caeterum
348 794 465 832 multo
494 794 638 836 minus,
684 801 795 841 quam
826 790 939 839 vulgo
968 788 1147 832 scribunt,
1189 787 1307 828 sensus
1335 788 1466 838 reliqui
1507 788 1660 832 fallunt,

76 854 220 905 ipseque
245 853 346 892 visus.

138 913 259 962 Equus
283 914 414 962 absque
451 910 526 949 ullo
553 911 661 948 taetus
687 908 899 956 adjumento
919 936 930 951 ,
979 907 1022 946 ad
1044 920 1155 959 quem
1176 920 1271 947 unus
1303 906 1578 958 quadrupedum
1609 907 1668 944 im*

77 972 272 1024 eptiffimus
304 972 371 1014 est,
406 972 606 1010 distantiam
638 969 748 1007 oculo
781 969 921 1017 optime
951 970 1120 1010 metitur,
1160 969 1196 1004 &
1220 967 1429 1006 destinatam
1453 965 1577 1004 fossam
1611 977 1667 1003 ac-

78 1037 201 1071 eurate
225 1030 381 1069 transilit.
419 1031 611 1069 ,Animalia
636 1041 759 1066 recens
786 1035 891 1070 nata,
929 1036 970 1065 ut
990 1029 1094 1076 agni,
1139 1035 1267 1064 matres
1291 1027 1364 1065 suas
1392 1035 1584 1076 quaerunt,
1629 1026 1666 1062 ὃ(

79 1093 295 1136 inveniunt3
328 1089 471 1131 musca,
521 1101 621 1126 nunc
668 1088 713 1124 de
744 1098 818 1124 ovo
855 1085 1020 1129 exclusa,
1075 1086 1343 1135 oculorumque
1370 1096 1485 1134 nuper
1514 1093 1664 1134 potens,

79 1151 123 1190 ad
163 1150 323 1188 faetidum
354 1161 486 1197 corpus
515 1148 647 1195 absque
677 1146 747 1184 ulla
779 1147 1008 1194 experientiae
1041 1145 1269 1183 institutio-ne
1295 1173 1305 1188 ,
1336 1145 1428 1182 recia
1465 1155 1510 1181 ex
1542 1143 1666 1181 odoris

80 1210 188 1248 ductu
220 1209 344 1246 tendit.
394 1208 463 1245 Sed
493 1207 537 1243 de
565 1207 634 1243 istis
662 1205 754 1242 alias.

140 1267 287 1306 Deinde
318 1266 428 1304 tactus
456 1265 612 1314 perinde·
647 1270 746 1301 errat.
814 1263 903 1301 Non
942 1262 1120 1301 adducam
1167 1263 1458 1312 experimentum
1506 1261 1666 1300 S‘run-

82 1330 176 1367 *1111
197 1328 297 1375 (q),
343 1337 418 1374 quo
442 1322 609 1362 decussati
631 1324 736 1371 digiti
761 1334 875 1361 unum
904 1322 1099 1371 globulum
1127 1324 1234 1361 nobis
1259 1322 1441 1365 indicant,
1493 1328 1667 1371 tanquam

80 1388 157 1430 duo
184 1385 302 1423 effent.
372 1384 441 1422 Sed
471 1384 649 1425 omnino,
692 1381 868 1431 liquidem
894 1394 912 1419 a
950 1382 1041 1420 tactu
1078 1381 1124 1419 de
1156 1393 1284 1420 eorum
1315 1381 1588 1419 conditionibus
1611 1383 1667 1427 ju-

80 1447 266 1487 dicamus,
318 1456 374 1481 eas
413 1452 516 1480 notas
564 1441 794 1480 conditiones
827 1453 873 1479 ex
909 1441 1002 1479 tactu
1031 1453 1219 1491 nunquam
1263 1441 1443 1488 ejusmodi
1474 1440 1663 1482 discimus,

80 1506 202 1555 quales
230 1504 309 1542 sunt
342 1505 377 1540 in
411 1514 566 1551 corpore
585 1530 596 1547 ,
636 1500 694 1538 sed
734 1501 855 1550 quales
884 1513 946 1550 per
984 1501 1102 1538 media
1132 1513 1150 1538 a
1173 1508 1296 1538 natura
1323 1498 1529 1549 interposita
1566 1498 1661 1536 vela-

79 1570 200 1603 menta
225 1561 371 1613 possunt
396 1574 413 1600 a
439 1562 567 1599 nostris
593 1560 731 1610 papillis
761 1562 920 1610 percipi,
957 1568 997 1598 ut
1023 1572 1062 1597 ea
1079 1572 1115 1597 re
1134 1560 1224 1597 nihil
1243 1572 1260 1597 a
1279 1558 1351 1596 visu
1369 1559 1478 1597 tatius
1496 1558 1665 1595 diffideat.

141 1623 193 1660 Sit
214 1624 251 1659 in
281 1634 394 1659 nervo
425 1622 542 1670 aliqua
574 1622 690 1666 major
721 1621 943 1668 impatientia
967 1617 1245 1661 sollicitationis,
1288 1618 1388 1666 quod
1419 1618 1585 1666 frequens
1618 1617 1667 1653 est

80 1684 118 1720 in
149 1680 472 1731 hypochondriaco
503 1679 715 1725 malo(r)‚
749 1680 884 1727 poterit
910 1687 1102 1727 perpetuus
1128 1678 1242 1715 sensus
1277 1676 1373 1725 quafi
1403 1676 1542 1724 frigidae
1575 1688 1667 1713 aurae

83 1743 128 1779 ei·
148 1740 292 1778 homini
326 1739 582 1777 incommodus
617 1736 709 1780 effe,
750 1737 850 1786 quod
880 1739 986 1774 etiam
1008 1735 1200 1774 leniffimus
1227 1738 1314 1773 aeris
1335 1736 1491 1773 adtac'ius
1522 1737 1665 1782 ingrato

81 1800 197 1839 modo
221 1800 296 1847 ejus
328 1798 497 1836 nervulos
526 1798 656 1835 feriret.
729 1798 832 1833 Anna
870 1796 1049 1834 Austriaca
1073 1795 1196 1833 Galliae
1222 1794 1265 1832 R.
1327 1794 1398 1832 sola
1430 1797 1466 1831 in
1494 1792 1669 1831 subtilissi-

80 1871 138 1897 ma
174 1858 266 1900 tela,
303 1869 409 1907 quam
435 1856 628 1906 Baptistam
660 1864 808 1898 vocant,
843 1855 1064 1904 quiescebat,
1096 1856 1199 1904 eique
1226 1854 1361 1892 lodices
1388 1855 1493 1891 etiam
1522 1865 1565 1890 ex
1583 1852 1663 1901 pul-

80 1918 268 1957 cherrimis
298 1916 485 1965 belgarum
516 1917 634 1954 linteis
664 1915 764 1957 facil,
795 1914 1156 1962 asperividebantur.
1208 1912 1284 1950 Alia
1317 1925 1434 1963 neque
1456 1912 1546 1950 holo
1569 1911 1669 1949 serici

82 1978 225 2020 tactum,
266 1988 385 2026 neque
416 1975 542 2026 perfici
568 1975 652 2013 mali
671 1981 828 2012 teneram
845 1975 981 2024 pubem
1000 1973 1133 2012 ferebat
1160 1972 1269 2023 (ff).

1591 2028 1670 2074 Qui

125 2201 187 2238 (o)
209 2201 350 2232 Burrou
378 2200 553 2236 wlfinauar.
585 2198 619 2230 T.
632 2199 681 2231 111.
705 2209 732 2238 p.
755 2203 820 2238 363.

125 2244 195 2280 (p)
226 2243 265 2273 Le
287 2242 370 2272 em.
399 2242 457 2272 Le.
590 2240 594 2245 ’

127 2285 195 2321 (q)
229 2283 297 2313 S'ru
308 2293 351 2312 EM
367 2284 465 2320 μνη-μισ
477 2283 561 2310 unius
576 2283 703 2318 geminus
733 2291 762 2320 p.
786 2286 812 2316 8.

125 2325 195 2359 (r)
224 2327 326 2354 Comm.
352 2325 421 2354 Nor.
439 2327 522 2359 ¹758-
551 2322 630 2350 hebd.
643 2331 693 2359 49.

125 2364 201 2402 (r')
225 2364 394 2396 Pomuu
430 2359 493 2403 ‘stiffi
515 2370 623 2400 pan.
